%YAML 1.1
%TAG !u! tag:unity3d.com,2011:
--- !u!29 &1
SceneSettings:
  m_ObjectHideFlags: 0
  m_PVSData: 
  m_PVSObjectsArray: []
  m_PVSPortalsArray: []
  m_OcclusionBakeSettings:
    smallestOccluder: 5
    smallestHole: .25
    backfaceThreshold: 100
--- !u!104 &2
RenderSettings:
  m_Fog: 0
  m_FogColor: {r: .5, g: .5, b: .5, a: 1}
  m_FogMode: 3
  m_FogDensity: .00999999978
  m_LinearFogStart: 0
  m_LinearFogEnd: 300
  m_AmbientLight: {r: .200000003, g: .200000003, b: .200000003, a: 1}
  m_SkyboxMaterial: {fileID: 0}
  m_HaloStrength: .5
  m_FlareStrength: 1
  m_FlareFadeSpeed: 3
  m_HaloTexture: {fileID: 0}
  m_SpotCookie: {fileID: 0}
  m_ObjectHideFlags: 0
--- !u!127 &3
LevelGameManager:
  m_ObjectHideFlags: 0
--- !u!157 &4
LightmapSettings:
  m_ObjectHideFlags: 0
  m_LightProbes: {fileID: 0}
  m_Lightmaps: []
  m_LightmapsMode: 1
  m_BakedColorSpace: 0
  m_UseDualLightmapsInForward: 0
  m_LightmapEditorSettings:
    m_Resolution: 50
    m_LastUsedResolution: 0
    m_TextureWidth: 1024
    m_TextureHeight: 1024
    m_BounceBoost: 1
    m_BounceIntensity: 1
    m_SkyLightColor: {r: .860000014, g: .930000007, b: 1, a: 1}
    m_SkyLightIntensity: 0
    m_Quality: 0
    m_Bounces: 1
    m_FinalGatherRays: 1000
    m_FinalGatherContrastThreshold: .0500000007
    m_FinalGatherGradientThreshold: 0
    m_FinalGatherInterpolationPoints: 15
    m_AOAmount: 0
    m_AOMaxDistance: .100000001
    m_AOContrast: 1
    m_LODSurfaceMappingDistance: 1
    m_Padding: 0
    m_TextureCompression: 0
    m_LockAtlas: 0
--- !u!196 &5
NavMeshSettings:
  m_ObjectHideFlags: 0
  m_BuildSettings:
    agentRadius: .5
    agentHeight: 2
    agentSlope: 45
    agentClimb: .400000006
    ledgeDropHeight: 0
    maxJumpAcrossDistance: 0
    accuratePlacement: 0
    minRegionArea: 2
    widthInaccuracy: 16.666666
    heightInaccuracy: 10
    tileSizeHint: 0
  m_NavMesh: {fileID: 0}
--- !u!1 &9450526
GameObject:
  m_ObjectHideFlags: 0
  m_PrefabParentObject: {fileID: 0}
  m_PrefabInternal: {fileID: 0}
  serializedVersion: 4
  m_Component:
  - 4: {fileID: 9450527}
  m_Layer: 0
  m_Name: eggSpawn
  m_TagString: Untagged
  m_Icon: {fileID: 0}
  m_NavMeshLayer: 0
  m_StaticEditorFlags: 0
  m_IsActive: 1
--- !u!4 &9450527
Transform:
  m_ObjectHideFlags: 0
  m_PrefabParentObject: {fileID: 0}
  m_PrefabInternal: {fileID: 0}
  m_GameObject: {fileID: 9450526}
  m_LocalRotation: {x: 0, y: 0, z: 0, w: 1}
  m_LocalPosition: {x: .452161074, y: .259790659, z: 1.54160428}
  m_LocalScale: {x: 1, y: 1, z: 1}
  m_Children: []
  m_Father: {fileID: 206852304}
  m_RootOrder: 7
--- !u!1 &103453142
GameObject:
  m_ObjectHideFlags: 0
  m_PrefabParentObject: {fileID: 100002, guid: 1b329967a2171674d8927cfa59bc840f, type: 2}
  m_PrefabInternal: {fileID: 0}
  serializedVersion: 4
  m_Component:
  - 4: {fileID: 103453148}
  - 33: {fileID: 103453147}
  - 23: {fileID: 103453146}
  - 95: {fileID: 103453145}
  - 114: {fileID: 103453144}
  - 54: {fileID: 103453143}
  - 64: {fileID: 103453149}
  m_Layer: 0
  m_Name: Fry_Pan_Model
  m_TagString: Untagged
  m_Icon: {fileID: 0}
  m_NavMeshLayer: 0
  m_StaticEditorFlags: 0
  m_IsActive: 1
--- !u!54 &103453143
Rigidbody:
  m_ObjectHideFlags: 0
  m_PrefabParentObject: {fileID: 5400000, guid: 1b329967a2171674d8927cfa59bc840f,
    type: 2}
  m_PrefabInternal: {fileID: 0}
  m_GameObject: {fileID: 103453142}
  serializedVersion: 2
  m_Mass: 1e+07
  m_Drag: 0
  m_AngularDrag: 0
  m_UseGravity: 0
  m_IsKinematic: 0
  m_Interpolate: 1
  m_Constraints: 0
  m_CollisionDetection: 2
--- !u!114 &103453144
MonoBehaviour:
  m_ObjectHideFlags: 0
  m_PrefabParentObject: {fileID: 11400000, guid: 1b329967a2171674d8927cfa59bc840f,
    type: 2}
  m_PrefabInternal: {fileID: 0}
  m_GameObject: {fileID: 103453142}
  m_Enabled: 1
  m_EditorHideFlags: 0
  m_Script: {fileID: 11500000, guid: 768eedc020c1bcf44a4a1b443e5a5f6f, type: 3}
  m_Name: 
  m_EditorClassIdentifier: 
  force: 10
  tilt: 90
  smoothSpeed: 5
--- !u!95 &103453145
Animator:
  serializedVersion: 3
  m_ObjectHideFlags: 0
  m_PrefabParentObject: {fileID: 9500000, guid: 1b329967a2171674d8927cfa59bc840f,
    type: 2}
  m_PrefabInternal: {fileID: 0}
  m_GameObject: {fileID: 103453142}
  m_Enabled: 1
  m_Avatar: {fileID: 9000000, guid: 2c1b133b05a8c5144b4ec3577aa3bc48, type: 3}
  m_Controller: {fileID: 0}
  m_CullingMode: 0
  m_UpdateMode: 0
  m_ApplyRootMotion: 1
  m_HasTransformHierarchy: 1
  m_AllowConstantClipSamplingOptimization: 1
--- !u!23 &103453146
Renderer:
  m_ObjectHideFlags: 0
  m_PrefabParentObject: {fileID: 2300000, guid: 1b329967a2171674d8927cfa59bc840f,
    type: 2}
  m_PrefabInternal: {fileID: 0}
  m_GameObject: {fileID: 103453142}
  m_Enabled: 1
  m_CastShadows: 1
  m_ReceiveShadows: 1
  m_LightmapIndex: 255
  m_LightmapTilingOffset: {x: 1, y: 1, z: 0, w: 0}
  m_Materials:
  - {fileID: 2100000, guid: e1d0c219241d32b48839cff1daaa634f, type: 2}
  m_SubsetIndices: 
  m_StaticBatchRoot: {fileID: 0}
  m_UseLightProbes: 0
  m_LightProbeAnchor: {fileID: 0}
  m_ScaleInLightmap: 1
  m_SortingLayerID: 0
  m_SortingOrder: 0
--- !u!33 &103453147
MeshFilter:
  m_ObjectHideFlags: 0
  m_PrefabParentObject: {fileID: 3300000, guid: 1b329967a2171674d8927cfa59bc840f,
    type: 2}
  m_PrefabInternal: {fileID: 0}
  m_GameObject: {fileID: 103453142}
  m_Mesh: {fileID: 4300000, guid: 2c1b133b05a8c5144b4ec3577aa3bc48, type: 3}
--- !u!4 &103453148
Transform:
  m_ObjectHideFlags: 0
  m_PrefabParentObject: {fileID: 400002, guid: 1b329967a2171674d8927cfa59bc840f, type: 2}
  m_PrefabInternal: {fileID: 0}
  m_GameObject: {fileID: 103453142}
  m_LocalRotation: {x: 0, y: -0, z: 0, w: 1}
  m_LocalPosition: {x: 1.06780005, y: 0, z: 0}
  m_LocalScale: {x: 100, y: 100, z: 120}
  m_Children:
  - {fileID: 2123251524}
  - {fileID: 206852304}
  - {fileID: 1030051919}
  m_Father: {fileID: 978052831}
  m_RootOrder: 0
--- !u!64 &103453149
MeshCollider:
  m_ObjectHideFlags: 0
  m_PrefabParentObject: {fileID: 6400000, guid: 1b329967a2171674d8927cfa59bc840f,
    type: 2}
  m_PrefabInternal: {fileID: 0}
  m_GameObject: {fileID: 103453142}
  m_Material: {fileID: 13400000, guid: 1ab7d9cac007afb47b1472f7a3b99690, type: 2}
  m_IsTrigger: 0
  m_Enabled: 1
  serializedVersion: 2
  m_SmoothSphereCollisions: 0
  m_Convex: 0
  m_Mesh: {fileID: 4300002, guid: c395f6d6e38add94ea42487b073d1cbb, type: 3}
--- !u!1 &189694419
GameObject:
  m_ObjectHideFlags: 0
  m_PrefabParentObject: {fileID: 0}
  m_PrefabInternal: {fileID: 0}
  serializedVersion: 4
  m_Component:
  - 4: {fileID: 189694420}
  m_Layer: 0
  m_Name: eggSpawn
  m_TagString: Untagged
  m_Icon: {fileID: 0}
  m_NavMeshLayer: 0
  m_StaticEditorFlags: 0
  m_IsActive: 1
--- !u!4 &189694420
Transform:
  m_ObjectHideFlags: 0
  m_PrefabParentObject: {fileID: 0}
  m_PrefabInternal: {fileID: 0}
  m_GameObject: {fileID: 189694419}
  m_LocalRotation: {x: 0, y: 0, z: 0, w: 1}
  m_LocalPosition: {x: -.0183391571, y: .259790659, z: -.306745827}
  m_LocalScale: {x: 1, y: 1, z: 1}
  m_Children: []
  m_Father: {fileID: 206852304}
  m_RootOrder: 18
--- !u!1 &202610222
GameObject:
  m_ObjectHideFlags: 0
  m_PrefabParentObject: {fileID: 0}
  m_PrefabInternal: {fileID: 0}
  serializedVersion: 4
  m_Component:
  - 4: {fileID: 202610224}
  - 114: {fileID: 202610223}
  - 114: {fileID: 202610225}
  m_Layer: 0
  m_Name: GameController
  m_TagString: Untagged
  m_Icon: {fileID: 0}
  m_NavMeshLayer: 0
  m_StaticEditorFlags: 0
  m_IsActive: 1
--- !u!114 &202610223
MonoBehaviour:
  m_ObjectHideFlags: 0
  m_PrefabParentObject: {fileID: 0}
  m_PrefabInternal: {fileID: 0}
  m_GameObject: {fileID: 202610222}
  m_Enabled: 1
  m_EditorHideFlags: 0
  m_Script: {fileID: 11500000, guid: 319d84993b2f3a3428976960d94230d7, type: 3}
  m_Name: 
  m_EditorClassIdentifier: 
  timeToLeft: 30
  scoreToWin: 10
  isEnd: 0
  gameResult: 0
  time: {fileID: 420190802}
  point: {fileID: 400000, guid: a1f71fdf3e59d454f90b2e1c2da23709, type: 2}
  spawns: {fileID: 206852304}
  spawned: {fileID: 2123251524}
--- !u!4 &202610224
Transform:
  m_ObjectHideFlags: 0
  m_PrefabParentObject: {fileID: 0}
  m_PrefabInternal: {fileID: 0}
  m_GameObject: {fileID: 202610222}
  m_LocalRotation: {x: 0, y: 0, z: 0, w: 1}
  m_LocalPosition: {x: 0, y: 0, z: 0}
  m_LocalScale: {x: 1, y: 1, z: 1}
  m_Children: []
  m_Father: {fileID: 0}
  m_RootOrder: 2
--- !u!114 &202610225
MonoBehaviour:
  m_ObjectHideFlags: 0
  m_PrefabParentObject: {fileID: 0}
  m_PrefabInternal: {fileID: 0}
  m_GameObject: {fileID: 202610222}
  m_Enabled: 1
  m_EditorHideFlags: 0
  m_Script: {fileID: 11500000, guid: 84f88f7834725d44da7f3bab14d55122, type: 3}
  m_Name: 
  m_EditorClassIdentifier: 
--- !u!1 &206852303
GameObject:
  m_ObjectHideFlags: 0
  m_PrefabParentObject: {fileID: 0}
  m_PrefabInternal: {fileID: 0}
  serializedVersion: 4
  m_Component:
  - 4: {fileID: 206852304}
  m_Layer: 0
  m_Name: Spawns
  m_TagString: Untagged
  m_Icon: {fileID: 0}
  m_NavMeshLayer: 0
  m_StaticEditorFlags: 0
  m_IsActive: 1
--- !u!4 &206852304
Transform:
  m_ObjectHideFlags: 0
  m_PrefabParentObject: {fileID: 0}
  m_PrefabInternal: {fileID: 0}
  m_GameObject: {fileID: 206852303}
  m_LocalRotation: {x: 0, y: 0, z: 0, w: 1}
  m_LocalPosition: {x: .0249173902, y: -.00655460637, z: -.00468904199}
  m_LocalScale: {x: .00999999978, y: .00999999978, z: .00999999978}
  m_Children:
  - {fileID: 835525598}
  - {fileID: 216842585}
  - {fileID: 1142890621}
  - {fileID: 1386870275}
  - {fileID: 1978215693}
  - {fileID: 1104931153}
  - {fileID: 1348814442}
  - {fileID: 9450527}
  - {fileID: 814313182}
  - {fileID: 1446047914}
  - {fileID: 1309133867}
  - {fileID: 1997558299}
  - {fileID: 621825790}
  - {fileID: 1154899525}
  - {fileID: 1058750885}
  - {fileID: 1337336071}
  - {fileID: 1634566114}
  - {fileID: 777698519}
  - {fileID: 189694420}
  - {fileID: 679852918}
  - {fileID: 336327415}
  - {fileID: 298892562}
  - {fileID: 1763686145}
  m_Father: {fileID: 103453148}
  m_RootOrder: 1
--- !u!1 &216384560
GameObject:
  m_ObjectHideFlags: 0
  m_PrefabParentObject: {fileID: 0}
  m_PrefabInternal: {fileID: 0}
  serializedVersion: 4
  m_Component:
  - 4: {fileID: 216384562}
  - 108: {fileID: 216384561}
  m_Layer: 0
  m_Name: Point light
  m_TagString: Untagged
  m_Icon: {fileID: 0}
  m_NavMeshLayer: 0
  m_StaticEditorFlags: 0
  m_IsActive: 1
--- !u!108 &216384561
Light:
  m_ObjectHideFlags: 0
  m_PrefabParentObject: {fileID: 0}
  m_PrefabInternal: {fileID: 0}
  m_GameObject: {fileID: 216384560}
  m_Enabled: 1
  serializedVersion: 3
  m_Type: 2
  m_Color: {r: .974036515, g: 1, b: .529411793, a: 1}
  m_Intensity: 1.08000004
  m_Range: 10.1599998
  m_SpotAngle: 47
  m_CookieSize: 10
  m_Shadows:
    m_Type: 0
    m_Resolution: -1
    m_Strength: 1
    m_Bias: .0500000007
    m_Softness: 4
    m_SoftnessFade: 1
  m_Cookie: {fileID: 0}
  m_DrawHalo: 0
  m_ActuallyLightmapped: 0
  m_Flare: {fileID: 0}
  m_RenderMode: 0
  m_CullingMask:
    serializedVersion: 2
    m_Bits: 4294967295
  m_Lightmapping: 1
  m_ShadowSamples: 1
  m_ShadowRadius: 0
  m_ShadowAngle: 0
  m_IndirectIntensity: 1
  m_AreaSize: {x: 1, y: 1}
--- !u!4 &216384562
Transform:
  m_ObjectHideFlags: 0
  m_PrefabParentObject: {fileID: 0}
  m_PrefabInternal: {fileID: 0}
  m_GameObject: {fileID: 216384560}
  m_LocalRotation: {x: .706921637, y: 0, z: 0, w: .707291901}
  m_LocalPosition: {x: .339599967, y: .176800013, z: -1.23959994}
  m_LocalScale: {x: 1, y: 1, z: 1}
  m_Children: []
  m_Father: {fileID: 1327430813}
  m_RootOrder: 1
--- !u!1 &216842584
GameObject:
  m_ObjectHideFlags: 0
  m_PrefabParentObject: {fileID: 0}
  m_PrefabInternal: {fileID: 0}
  serializedVersion: 4
  m_Component:
  - 4: {fileID: 216842585}
  m_Layer: 0
  m_Name: eggSpawn
  m_TagString: Untagged
  m_Icon: {fileID: 0}
  m_NavMeshLayer: 0
  m_StaticEditorFlags: 0
  m_IsActive: 1
--- !u!4 &216842585
Transform:
  m_ObjectHideFlags: 0
  m_PrefabParentObject: {fileID: 0}
  m_PrefabInternal: {fileID: 0}
  m_GameObject: {fileID: 216842584}
  m_LocalRotation: {x: 0, y: 0, z: 0, w: 1}
  m_LocalPosition: {x: .290560961, y: .259790659, z: -1.00149584}
  m_LocalScale: {x: 1, y: 1, z: 1}
  m_Children: []
  m_Father: {fileID: 206852304}
  m_RootOrder: 1
--- !u!1 &256029313
GameObject:
  m_ObjectHideFlags: 0
  m_PrefabParentObject: {fileID: 0}
  m_PrefabInternal: {fileID: 0}
  serializedVersion: 4
  m_Component:
  - 4: {fileID: 256029315}
  - 212: {fileID: 256029314}
  - 61: {fileID: 256029316}
  m_Layer: 0
  m_Name: Kitchen
  m_TagString: Untagged
  m_Icon: {fileID: 0}
  m_NavMeshLayer: 0
  m_StaticEditorFlags: 0
  m_IsActive: 1
--- !u!212 &256029314
SpriteRenderer:
  m_ObjectHideFlags: 0
  m_PrefabParentObject: {fileID: 0}
  m_PrefabInternal: {fileID: 0}
  m_GameObject: {fileID: 256029313}
  m_Enabled: 1
  m_CastShadows: 0
  m_ReceiveShadows: 0
  m_LightmapIndex: 255
  m_LightmapTilingOffset: {x: 1, y: 1, z: 0, w: 0}
  m_Materials:
  - {fileID: 10754, guid: 0000000000000000e000000000000000, type: 0}
  m_SubsetIndices: 
  m_StaticBatchRoot: {fileID: 0}
  m_UseLightProbes: 0
  m_LightProbeAnchor: {fileID: 0}
  m_ScaleInLightmap: 1
  m_SortingLayerID: 0
  m_SortingOrder: 0
  m_Sprite: {fileID: 21300000, guid: e920083a98be9bc41a2317dce57e581d, type: 3}
  m_Color: {r: 1, g: 1, b: 1, a: 1}
--- !u!4 &256029315
Transform:
  m_ObjectHideFlags: 0
  m_PrefabParentObject: {fileID: 0}
  m_PrefabInternal: {fileID: 0}
  m_GameObject: {fileID: 256029313}
  m_LocalRotation: {x: .5, y: -.5, z: .5, w: .5}
  m_LocalPosition: {x: -17.5849991, y: -5.81139994, z: -3.56170011}
  m_LocalScale: {x: 1, y: 3.35931993, z: .798220515}
  m_Children: []
  m_Father: {fileID: 2062311844}
  m_RootOrder: 0
--- !u!61 &256029316
BoxCollider2D:
  m_ObjectHideFlags: 0
  m_PrefabParentObject: {fileID: 0}
  m_PrefabInternal: {fileID: 0}
  m_GameObject: {fileID: 256029313}
  m_Enabled: 1
  m_Material: {fileID: 0}
  m_IsTrigger: 0
  m_Size: {x: 10.0000019, y: 16.0000057}
  m_Center: {x: -9.57280236e-07, y: 1.43051147e-06}
--- !u!1 &270697886
GameObject:
  m_ObjectHideFlags: 0
  m_PrefabParentObject: {fileID: 0}
  m_PrefabInternal: {fileID: 0}
  serializedVersion: 4
  m_Component:
  - 224: {fileID: 270697887}
  - 222: {fileID: 270697889}
  - 114: {fileID: 270697888}
  m_Layer: 5
  m_Name: Panel
  m_TagString: Untagged
  m_Icon: {fileID: 0}
  m_NavMeshLayer: 0
  m_StaticEditorFlags: 0
  m_IsActive: 1
--- !u!224 &270697887
RectTransform:
  m_ObjectHideFlags: 0
  m_PrefabParentObject: {fileID: 0}
  m_PrefabInternal: {fileID: 0}
  m_GameObject: {fileID: 270697886}
  m_LocalRotation: {x: 0, y: 0, z: 0, w: 1}
  m_LocalPosition: {x: 0, y: 0, z: 0}
  m_LocalScale: {x: 1, y: 1, z: 1}
  m_Children:
  - {fileID: 420190801}
  - {fileID: 1806400486}
  - {fileID: 1016100132}
  - {fileID: 1312205349}
  m_Father: {fileID: 1925490090}
  m_RootOrder: 0
  m_AnchorMin: {x: 0, y: .904578984}
  m_AnchorMax: {x: 1, y: 1}
  m_AnchoredPosition: {x: 0, y: 2}
  m_SizeDelta: {x: 0, y: -3}
  m_Pivot: {x: .5, y: .5}
--- !u!114 &270697888
MonoBehaviour:
  m_ObjectHideFlags: 0
  m_PrefabParentObject: {fileID: 0}
  m_PrefabInternal: {fileID: 0}
  m_GameObject: {fileID: 270697886}
  m_Enabled: 1
  m_EditorHideFlags: 0
  m_Script: {fileID: -765806418, guid: f5f67c52d1564df4a8936ccd202a3bd8, type: 3}
  m_Name: 
  m_EditorClassIdentifier: 
  m_Material: {fileID: 0}
  m_Color: {r: 1, g: 1, b: 1, a: .39199999}
  m_Sprite: {fileID: 10907, guid: 0000000000000000f000000000000000, type: 0}
  m_Type: 1
  m_PreserveAspect: 0
  m_FillCenter: 1
  m_FillMethod: 4
  m_FillAmount: 1
  m_FillClockwise: 1
  m_FillOrigin: 0
--- !u!222 &270697889
CanvasRenderer:
  m_ObjectHideFlags: 0
  m_PrefabParentObject: {fileID: 0}
  m_PrefabInternal: {fileID: 0}
  m_GameObject: {fileID: 270697886}
--- !u!1 &298892561
GameObject:
  m_ObjectHideFlags: 0
  m_PrefabParentObject: {fileID: 0}
  m_PrefabInternal: {fileID: 0}
  serializedVersion: 4
  m_Component:
  - 4: {fileID: 298892562}
  m_Layer: 0
  m_Name: eggSpawn
  m_TagString: Untagged
  m_Icon: {fileID: 0}
  m_NavMeshLayer: 0
  m_StaticEditorFlags: 0
  m_IsActive: 1
--- !u!4 &298892562
Transform:
  m_ObjectHideFlags: 0
  m_PrefabParentObject: {fileID: 0}
  m_PrefabInternal: {fileID: 0}
  m_GameObject: {fileID: 298892561}
  m_LocalRotation: {x: 0, y: 0, z: 0, w: 1}
  m_LocalPosition: {x: .159160852, y: .259790659, z: .130064189}
  m_LocalScale: {x: 1, y: 1, z: 1}
  m_Children: []
  m_Father: {fileID: 206852304}
  m_RootOrder: 21
--- !u!1 &336327414
GameObject:
  m_ObjectHideFlags: 0
  m_PrefabParentObject: {fileID: 0}
  m_PrefabInternal: {fileID: 0}
  serializedVersion: 4
  m_Component:
  - 4: {fileID: 336327415}
  m_Layer: 0
  m_Name: eggSpawn
  m_TagString: Untagged
  m_Icon: {fileID: 0}
  m_NavMeshLayer: 0
  m_StaticEditorFlags: 0
  m_IsActive: 1
--- !u!4 &336327415
Transform:
  m_ObjectHideFlags: 0
  m_PrefabParentObject: {fileID: 0}
  m_PrefabInternal: {fileID: 0}
  m_GameObject: {fileID: 336327414}
  m_LocalRotation: {x: 0, y: 0, z: 0, w: 1}
  m_LocalPosition: {x: -.455439091, y: .259790659, z: .173184216}
  m_LocalScale: {x: 1, y: 1, z: 1}
  m_Children: []
  m_Father: {fileID: 206852304}
  m_RootOrder: 20
--- !u!1 &420190800
GameObject:
  m_ObjectHideFlags: 0
  m_PrefabParentObject: {fileID: 0}
  m_PrefabInternal: {fileID: 0}
  serializedVersion: 4
  m_Component:
  - 224: {fileID: 420190801}
  - 222: {fileID: 420190803}
  - 114: {fileID: 420190802}
  m_Layer: 5
  m_Name: Time
  m_TagString: Untagged
  m_Icon: {fileID: 0}
  m_NavMeshLayer: 0
  m_StaticEditorFlags: 0
  m_IsActive: 1
--- !u!224 &420190801
RectTransform:
  m_ObjectHideFlags: 0
  m_PrefabParentObject: {fileID: 0}
  m_PrefabInternal: {fileID: 0}
  m_GameObject: {fileID: 420190800}
  m_LocalRotation: {x: 0, y: 0, z: 0, w: 1}
  m_LocalPosition: {x: 0, y: 0, z: 0}
  m_LocalScale: {x: 1, y: 1, z: 1}
  m_Children: []
  m_Father: {fileID: 270697887}
  m_RootOrder: 0
  m_AnchorMin: {x: .253000021, y: .227000013}
  m_AnchorMax: {x: .421421051, y: .773000062}
  m_AnchoredPosition: {x: 38.1559982, y: 0}
  m_SizeDelta: {x: 66, y: 0}
  m_Pivot: {x: .5, y: .5}
--- !u!114 &420190802
MonoBehaviour:
  m_ObjectHideFlags: 0
  m_PrefabParentObject: {fileID: 0}
  m_PrefabInternal: {fileID: 0}
  m_GameObject: {fileID: 420190800}
  m_Enabled: 1
  m_EditorHideFlags: 0
  m_Script: {fileID: 708705254, guid: f5f67c52d1564df4a8936ccd202a3bd8, type: 3}
  m_Name: 
  m_EditorClassIdentifier: 
  m_Material: {fileID: 0}
  m_Color: {r: .1953125, g: .1953125, b: .1953125, a: 1}
  m_FontData:
    m_Font: {fileID: 10102, guid: 0000000000000000e000000000000000, type: 0}
    m_FontSize: 30
    m_FontStyle: 0
    m_BestFit: 0
    m_MinSize: 10
    m_MaxSize: 40
    m_Alignment: 0
    m_RichText: 1
    m_HorizontalOverflow: 1
    m_VerticalOverflow: 1
    m_LineSpacing: 1
  m_Text: 00:00
--- !u!222 &420190803
CanvasRenderer:
  m_ObjectHideFlags: 0
  m_PrefabParentObject: {fileID: 0}
  m_PrefabInternal: {fileID: 0}
  m_GameObject: {fileID: 420190800}
--- !u!1 &434244966
GameObject:
  m_ObjectHideFlags: 0
  m_PrefabParentObject: {fileID: 0}
  m_PrefabInternal: {fileID: 0}
  serializedVersion: 4
  m_Component:
  - 4: {fileID: 434244968}
  - 108: {fileID: 434244967}
  m_Layer: 0
  m_Name: Point light
  m_TagString: Untagged
  m_Icon: {fileID: 0}
  m_NavMeshLayer: 0
  m_StaticEditorFlags: 0
  m_IsActive: 1
--- !u!108 &434244967
Light:
  m_ObjectHideFlags: 0
  m_PrefabParentObject: {fileID: 0}
  m_PrefabInternal: {fileID: 0}
  m_GameObject: {fileID: 434244966}
  m_Enabled: 1
  serializedVersion: 3
  m_Type: 2
  m_Color: {r: .974036515, g: 1, b: .529411793, a: 1}
  m_Intensity: 1.08000004
  m_Range: 10.1599998
  m_SpotAngle: 47
  m_CookieSize: 10
  m_Shadows:
    m_Type: 0
    m_Resolution: -1
    m_Strength: 1
    m_Bias: .0500000007
    m_Softness: 4
    m_SoftnessFade: 1
  m_Cookie: {fileID: 0}
  m_DrawHalo: 0
  m_ActuallyLightmapped: 0
  m_Flare: {fileID: 0}
  m_RenderMode: 0
  m_CullingMask:
    serializedVersion: 2
    m_Bits: 4294967295
  m_Lightmapping: 1
  m_ShadowSamples: 1
  m_ShadowRadius: 0
  m_ShadowAngle: 0
  m_IndirectIntensity: 1
  m_AreaSize: {x: 1, y: 1}
--- !u!4 &434244968
Transform:
  m_ObjectHideFlags: 0
  m_PrefabParentObject: {fileID: 0}
  m_PrefabInternal: {fileID: 0}
  m_GameObject: {fileID: 434244966}
  m_LocalRotation: {x: .706921637, y: 0, z: 0, w: .707291901}
  m_LocalPosition: {x: -.908450007, y: .154229999, z: -1.23959994}
  m_LocalScale: {x: 1, y: 1, z: 1}
  m_Children: []
  m_Father: {fileID: 1327430813}
  m_RootOrder: 0
--- !u!1 &545122403
GameObject:
  m_ObjectHideFlags: 0
  m_PrefabParentObject: {fileID: 0}
  m_PrefabInternal: {fileID: 0}
  serializedVersion: 4
  m_Component:
  - 4: {fileID: 545122406}
  - 198: {fileID: 545122405}
  - 199: {fileID: 545122404}
  m_Layer: 0
  m_Name: flames
  m_TagString: Untagged
  m_Icon: {fileID: 0}
  m_NavMeshLayer: 0
  m_StaticEditorFlags: 0
  m_IsActive: 1
--- !u!199 &545122404
ParticleSystemRenderer:
  m_ObjectHideFlags: 0
  m_PrefabParentObject: {fileID: 0}
  m_PrefabInternal: {fileID: 0}
  m_GameObject: {fileID: 545122403}
  m_Enabled: 1
  m_CastShadows: 1
  m_ReceiveShadows: 0
  m_LightmapIndex: 255
  m_LightmapTilingOffset: {x: 1, y: 1, z: 0, w: 0}
  m_Materials:
  - {fileID: 2100000, guid: 0b32dc613fb9bc5478594a97bafbb6b6, type: 2}
  m_SubsetIndices: 
  m_StaticBatchRoot: {fileID: 0}
  m_UseLightProbes: 0
  m_LightProbeAnchor: {fileID: 0}
  m_ScaleInLightmap: 1
  m_SortingLayerID: 0
  m_SortingOrder: 0
  m_RenderMode: 0
  m_MaxParticleSize: .180000007
  m_CameraVelocityScale: 0
  m_VelocityScale: 0
  m_LengthScale: 2
  m_SortingFudge: 0
  m_NormalDirection: 1
  m_SortMode: 0
  m_Mesh: {fileID: 0}
  m_Mesh1: {fileID: 0}
  m_Mesh2: {fileID: 0}
  m_Mesh3: {fileID: 0}
--- !u!198 &545122405
ParticleSystem:
  m_ObjectHideFlags: 0
  m_PrefabParentObject: {fileID: 0}
  m_PrefabInternal: {fileID: 0}
  m_GameObject: {fileID: 545122403}
  lengthInSec: 8
  startDelay: 2
  speed: 1
  randomSeed: 0
  looping: 1
  prewarm: 0
  playOnAwake: 1
  moveWithTransform: 1
  InitialModule:
    enabled: 1
    startLifetime:
      scalar: .819999993
      maxCurve:
        serializedVersion: 2
        m_Curve:
        - time: 0
          value: 1
          inSlope: 0
          outSlope: 0
          tangentMode: 0
        - time: 1
          value: 1
          inSlope: 0
          outSlope: 0
          tangentMode: 0
        m_PreInfinity: 2
        m_PostInfinity: 2
      minCurve:
        serializedVersion: 2
        m_Curve:
        - time: 0
          value: 0
          inSlope: 0
          outSlope: 0
          tangentMode: 0
        - time: 1
          value: 0
          inSlope: 0
          outSlope: 0
          tangentMode: 0
        m_PreInfinity: 2
        m_PostInfinity: 2
      minMaxState: 0
    startSpeed:
      scalar: 1.13
      maxCurve:
        serializedVersion: 2
        m_Curve:
        - time: 0
          value: 1
          inSlope: 0
          outSlope: 0
          tangentMode: 0
        - time: 1
          value: 1
          inSlope: 0
          outSlope: 0
          tangentMode: 0
        m_PreInfinity: 2
        m_PostInfinity: 2
      minCurve:
        serializedVersion: 2
        m_Curve:
        - time: 0
          value: 0
          inSlope: 0
          outSlope: 0
          tangentMode: 0
        - time: 1
          value: 0
          inSlope: 0
          outSlope: 0
          tangentMode: 0
        m_PreInfinity: 2
        m_PostInfinity: 2
      minMaxState: 0
    startColor:
      maxGradient:
        key0:
          serializedVersion: 2
          rgba: 4278744063
        key1:
          serializedVersion: 2
          rgba: 4278190245
        key2:
          serializedVersion: 2
          rgba: 16777215
        key3:
          serializedVersion: 2
          rgba: 0
        key4:
          serializedVersion: 2
          rgba: 0
        key5:
          serializedVersion: 2
          rgba: 0
        key6:
          serializedVersion: 2
          rgba: 0
        key7:
          serializedVersion: 2
          rgba: 0
        ctime0: 0
        ctime1: 4819
        ctime2: 65535
        ctime3: 0
        ctime4: 0
        ctime5: 0
        ctime6: 0
        ctime7: 0
        atime0: 0
        atime1: 65535
        atime2: 0
        atime3: 0
        atime4: 0
        atime5: 0
        atime6: 0
        atime7: 0
        m_NumColorKeys: 2
        m_NumAlphaKeys: 2
      minGradient:
        key0:
          serializedVersion: 2
          rgba: 4294967295
        key1:
          serializedVersion: 2
          rgba: 4294967295
        key2:
          serializedVersion: 2
          rgba: 0
        key3:
          serializedVersion: 2
          rgba: 0
        key4:
          serializedVersion: 2
          rgba: 0
        key5:
          serializedVersion: 2
          rgba: 0
        key6:
          serializedVersion: 2
          rgba: 0
        key7:
          serializedVersion: 2
          rgba: 0
        ctime0: 0
        ctime1: 65535
        ctime2: 0
        ctime3: 0
        ctime4: 0
        ctime5: 0
        ctime6: 0
        ctime7: 0
        atime0: 0
        atime1: 65535
        atime2: 0
        atime3: 0
        atime4: 0
        atime5: 0
        atime6: 0
        atime7: 0
        m_NumColorKeys: 2
        m_NumAlphaKeys: 2
      minColor:
        serializedVersion: 2
        rgba: 4294967295
      maxColor:
        serializedVersion: 2
        rgba: 4281019309
      minMaxState: 0
    startSize:
      scalar: 10
      maxCurve:
        serializedVersion: 2
        m_Curve:
        - time: 0
          value: 1
          inSlope: 0
          outSlope: 0
          tangentMode: 0
        - time: 1
          value: 1
          inSlope: 0
          outSlope: 0
          tangentMode: 0
        m_PreInfinity: 2
        m_PostInfinity: 2
      minCurve:
        serializedVersion: 2
        m_Curve:
        - time: 0
          value: 0
          inSlope: 0
          outSlope: 0
          tangentMode: 0
        - time: 1
          value: 0
          inSlope: 0
          outSlope: 0
          tangentMode: 0
        m_PreInfinity: 2
        m_PostInfinity: 2
      minMaxState: 0
    startRotation:
      scalar: 0
      maxCurve:
        serializedVersion: 2
        m_Curve:
        - time: 0
          value: 1
          inSlope: 0
          outSlope: 0
          tangentMode: 0
        - time: 1
          value: 1
          inSlope: 0
          outSlope: 0
          tangentMode: 0
        m_PreInfinity: 2
        m_PostInfinity: 2
      minCurve:
        serializedVersion: 2
        m_Curve:
        - time: 0
          value: 0
          inSlope: 0
          outSlope: 0
          tangentMode: 0
        - time: 1
          value: 0
          inSlope: 0
          outSlope: 0
          tangentMode: 0
        m_PreInfinity: 2
        m_PostInfinity: 2
      minMaxState: 0
    gravityModifier: 0
    inheritVelocity: 0
    maxNumParticles: 1000
  ShapeModule:
    serializedVersion: 2
    enabled: 1
    type: 4
    radius: .569999993
    angle: 62.7299995
    length: 5
    boxX: 1
    boxY: 1
    boxZ: 1
    placementMode: 0
    m_Mesh: {fileID: 0}
    randomDirection: 0
  EmissionModule:
    enabled: 1
    m_Type: 0
    rate:
      scalar: 50
      maxCurve:
        serializedVersion: 2
        m_Curve:
        - time: 0
          value: 1
          inSlope: 0
          outSlope: 0
          tangentMode: 0
        - time: 1
          value: 1
          inSlope: 0
          outSlope: 0
          tangentMode: 0
        m_PreInfinity: 2
        m_PostInfinity: 2
      minCurve:
        serializedVersion: 2
        m_Curve:
        - time: 0
          value: 0
          inSlope: 0
          outSlope: 0
          tangentMode: 0
        - time: 1
          value: 0
          inSlope: 0
          outSlope: 0
          tangentMode: 0
        m_PreInfinity: 2
        m_PostInfinity: 2
      minMaxState: 0
    cnt0: 30
    cnt1: 30
    cnt2: 30
    cnt3: 30
    time0: 0
    time1: 0
    time2: 0
    time3: 0
    m_BurstCount: 0
  SizeModule:
    enabled: 0
    curve:
      scalar: 1
      maxCurve:
        serializedVersion: 2
        m_Curve:
        - time: 0
          value: 1
          inSlope: 0
          outSlope: 0
          tangentMode: 0
        m_PreInfinity: 2
        m_PostInfinity: 2
      minCurve:
        serializedVersion: 2
        m_Curve:
        - time: 0
          value: 0
          inSlope: 0
          outSlope: 0
          tangentMode: 0
        m_PreInfinity: 2
        m_PostInfinity: 2
      minMaxState: 3
  RotationModule:
    enabled: 0
    curve:
      scalar: .785398126
      maxCurve:
        serializedVersion: 2
        m_Curve:
        - time: 0
          value: 1
          inSlope: 0
          outSlope: 0
          tangentMode: 0
        - time: 1
          value: 1
          inSlope: 0
          outSlope: 0
          tangentMode: 0
        m_PreInfinity: 2
        m_PostInfinity: 2
      minCurve:
        serializedVersion: 2
        m_Curve:
        - time: 0
          value: 0
          inSlope: 0
          outSlope: 0
          tangentMode: 0
        - time: 1
          value: 0
          inSlope: 0
          outSlope: 0
          tangentMode: 0
        m_PreInfinity: 2
        m_PostInfinity: 2
      minMaxState: 0
  ColorModule:
    enabled: 0
    gradient:
      maxGradient:
        key0:
          serializedVersion: 2
          rgba: 4278744063
        key1:
          serializedVersion: 2
          rgba: 4280298936
        key2:
          serializedVersion: 2
          rgba: 506559
        key3:
          serializedVersion: 2
          rgba: 0
        key4:
          serializedVersion: 2
          rgba: 0
        key5:
          serializedVersion: 2
          rgba: 0
        key6:
          serializedVersion: 2
          rgba: 0
        key7:
          serializedVersion: 2
          rgba: 0
        ctime0: 0
        ctime1: 39707
        ctime2: 65535
        ctime3: 0
        ctime4: 0
        ctime5: 0
        ctime6: 0
        ctime7: 0
        atime0: 0
        atime1: 65535
        atime2: 0
        atime3: 0
        atime4: 0
        atime5: 0
        atime6: 0
        atime7: 0
        m_NumColorKeys: 3
        m_NumAlphaKeys: 2
      minGradient:
        key0:
          serializedVersion: 2
          rgba: 4278190329
        key1:
          serializedVersion: 2
          rgba: 4284488725
        key2:
          serializedVersion: 2
          rgba: 0
        key3:
          serializedVersion: 2
          rgba: 0
        key4:
          serializedVersion: 2
          rgba: 0
        key5:
          serializedVersion: 2
          rgba: 0
        key6:
          serializedVersion: 2
          rgba: 0
        key7:
          serializedVersion: 2
          rgba: 0
        ctime0: 0
        ctime1: 65535
        ctime2: 0
        ctime3: 0
        ctime4: 0
        ctime5: 0
        ctime6: 0
        ctime7: 0
        atime0: 0
        atime1: 65535
        atime2: 0
        atime3: 0
        atime4: 0
        atime5: 0
        atime6: 0
        atime7: 0
        m_NumColorKeys: 2
        m_NumAlphaKeys: 2
      minColor:
        serializedVersion: 2
        rgba: 4294967295
      maxColor:
        serializedVersion: 2
        rgba: 4294967295
      minMaxState: 1
  UVModule:
    enabled: 0
    frameOverTime:
      scalar: 1
      maxCurve:
        serializedVersion: 2
        m_Curve:
        - time: 0
          value: 0
          inSlope: 0
          outSlope: 1
          tangentMode: 0
        - time: 1
          value: 1
          inSlope: 1
          outSlope: 0
          tangentMode: 0
        m_PreInfinity: 2
        m_PostInfinity: 2
      minCurve:
        serializedVersion: 2
        m_Curve:
        - time: 0
          value: 0
          inSlope: 0
          outSlope: 1
          tangentMode: 0
        - time: 1
          value: 1
          inSlope: 1
          outSlope: 0
          tangentMode: 0
        m_PreInfinity: 2
        m_PostInfinity: 2
      minMaxState: 1
    tilesX: 1
    tilesY: 1
    animationType: 0
    rowIndex: 0
    cycles: 2
    randomRow: 1
  VelocityModule:
    enabled: 0
    x:
      scalar: 0
      maxCurve:
        serializedVersion: 2
        m_Curve:
        - time: 0
          value: 1
          inSlope: 0
          outSlope: 0
          tangentMode: 0
        - time: 1
          value: 1
          inSlope: 0
          outSlope: 0
          tangentMode: 0
        m_PreInfinity: 2
        m_PostInfinity: 2
      minCurve:
        serializedVersion: 2
        m_Curve:
        - time: 0
          value: 0
          inSlope: 0
          outSlope: 0
          tangentMode: 0
        - time: 1
          value: 0
          inSlope: 0
          outSlope: 0
          tangentMode: 0
        m_PreInfinity: 2
        m_PostInfinity: 2
      minMaxState: 0
    y:
      scalar: 0
      maxCurve:
        serializedVersion: 2
        m_Curve:
        - time: 0
          value: 1
          inSlope: 0
          outSlope: 0
          tangentMode: 0
        - time: 1
          value: 1
          inSlope: 0
          outSlope: 0
          tangentMode: 0
        m_PreInfinity: 2
        m_PostInfinity: 2
      minCurve:
        serializedVersion: 2
        m_Curve:
        - time: 0
          value: 0
          inSlope: 0
          outSlope: 0
          tangentMode: 0
        - time: 1
          value: 0
          inSlope: 0
          outSlope: 0
          tangentMode: 0
        m_PreInfinity: 2
        m_PostInfinity: 2
      minMaxState: 0
    z:
      scalar: 0
      maxCurve:
        serializedVersion: 2
        m_Curve:
        - time: 0
          value: 1
          inSlope: 0
          outSlope: 0
          tangentMode: 0
        - time: 1
          value: 1
          inSlope: 0
          outSlope: 0
          tangentMode: 0
        m_PreInfinity: 2
        m_PostInfinity: 2
      minCurve:
        serializedVersion: 2
        m_Curve:
        - time: 0
          value: 0
          inSlope: 0
          outSlope: 0
          tangentMode: 0
        - time: 1
          value: 0
          inSlope: 0
          outSlope: 0
          tangentMode: 0
        m_PreInfinity: 2
        m_PostInfinity: 2
      minMaxState: 0
    inWorldSpace: 0
  ForceModule:
    enabled: 0
    x:
      scalar: 0
      maxCurve:
        serializedVersion: 2
        m_Curve:
        - time: 0
          value: 1
          inSlope: 0
          outSlope: 0
          tangentMode: 0
        - time: 1
          value: 1
          inSlope: 0
          outSlope: 0
          tangentMode: 0
        m_PreInfinity: 2
        m_PostInfinity: 2
      minCurve:
        serializedVersion: 2
        m_Curve:
        - time: 0
          value: 0
          inSlope: 0
          outSlope: 0
          tangentMode: 0
        - time: 1
          value: 0
          inSlope: 0
          outSlope: 0
          tangentMode: 0
        m_PreInfinity: 2
        m_PostInfinity: 2
      minMaxState: 0
    y:
      scalar: 0
      maxCurve:
        serializedVersion: 2
        m_Curve:
        - time: 0
          value: 1
          inSlope: 0
          outSlope: 0
          tangentMode: 0
        - time: 1
          value: 1
          inSlope: 0
          outSlope: 0
          tangentMode: 0
        m_PreInfinity: 2
        m_PostInfinity: 2
      minCurve:
        serializedVersion: 2
        m_Curve:
        - time: 0
          value: 0
          inSlope: 0
          outSlope: 0
          tangentMode: 0
        - time: 1
          value: 0
          inSlope: 0
          outSlope: 0
          tangentMode: 0
        m_PreInfinity: 2
        m_PostInfinity: 2
      minMaxState: 0
    z:
      scalar: 0
      maxCurve:
        serializedVersion: 2
        m_Curve:
        - time: 0
          value: 1
          inSlope: 0
          outSlope: 0
          tangentMode: 0
        - time: 1
          value: 1
          inSlope: 0
          outSlope: 0
          tangentMode: 0
        m_PreInfinity: 2
        m_PostInfinity: 2
      minCurve:
        serializedVersion: 2
        m_Curve:
        - time: 0
          value: 0
          inSlope: 0
          outSlope: 0
          tangentMode: 0
        - time: 1
          value: 0
          inSlope: 0
          outSlope: 0
          tangentMode: 0
        m_PreInfinity: 2
        m_PostInfinity: 2
      minMaxState: 0
    inWorldSpace: 0
    randomizePerFrame: 0
  ExternalForcesModule:
    enabled: 0
    multiplier: 1
  ClampVelocityModule:
    enabled: 0
    x:
      scalar: 1
      maxCurve:
        serializedVersion: 2
        m_Curve:
        - time: 0
          value: 1
          inSlope: 0
          outSlope: 0
          tangentMode: 0
        - time: 1
          value: 1
          inSlope: 0
          outSlope: 0
          tangentMode: 0
        m_PreInfinity: 2
        m_PostInfinity: 2
      minCurve:
        serializedVersion: 2
        m_Curve:
        - time: 0
          value: 0
          inSlope: 0
          outSlope: 0
          tangentMode: 0
        - time: 1
          value: 0
          inSlope: 0
          outSlope: 0
          tangentMode: 0
        m_PreInfinity: 2
        m_PostInfinity: 2
      minMaxState: 0
    y:
      scalar: 1
      maxCurve:
        serializedVersion: 2
        m_Curve:
        - time: 0
          value: 1
          inSlope: 0
          outSlope: 0
          tangentMode: 0
        - time: 1
          value: 1
          inSlope: 0
          outSlope: 0
          tangentMode: 0
        m_PreInfinity: 2
        m_PostInfinity: 2
      minCurve:
        serializedVersion: 2
        m_Curve:
        - time: 0
          value: 0
          inSlope: 0
          outSlope: 0
          tangentMode: 0
        - time: 1
          value: 0
          inSlope: 0
          outSlope: 0
          tangentMode: 0
        m_PreInfinity: 2
        m_PostInfinity: 2
      minMaxState: 0
    z:
      scalar: 1
      maxCurve:
        serializedVersion: 2
        m_Curve:
        - time: 0
          value: 1
          inSlope: 0
          outSlope: 0
          tangentMode: 0
        - time: 1
          value: 1
          inSlope: 0
          outSlope: 0
          tangentMode: 0
        m_PreInfinity: 2
        m_PostInfinity: 2
      minCurve:
        serializedVersion: 2
        m_Curve:
        - time: 0
          value: 0
          inSlope: 0
          outSlope: 0
          tangentMode: 0
        - time: 1
          value: 0
          inSlope: 0
          outSlope: 0
          tangentMode: 0
        m_PreInfinity: 2
        m_PostInfinity: 2
      minMaxState: 0
    magnitude:
      scalar: 7.88999987
      maxCurve:
        serializedVersion: 2
        m_Curve:
        - time: 0
          value: 1
          inSlope: 0
          outSlope: 0
          tangentMode: 0
        - time: 1
          value: 1
          inSlope: 0
          outSlope: 0
          tangentMode: 0
        m_PreInfinity: 2
        m_PostInfinity: 2
      minCurve:
        serializedVersion: 2
        m_Curve:
        - time: 0
          value: 0
          inSlope: 0
          outSlope: 0
          tangentMode: 0
        - time: 1
          value: 0
          inSlope: 0
          outSlope: 0
          tangentMode: 0
        m_PreInfinity: 2
        m_PostInfinity: 2
      minMaxState: 0
    separateAxis: 0
    inWorldSpace: 0
    dampen: 1
  SizeBySpeedModule:
    enabled: 0
    curve:
      scalar: 1
      maxCurve:
        serializedVersion: 2
        m_Curve:
        - time: 0
          value: 1
          inSlope: 0
          outSlope: 0
          tangentMode: 0
        - time: 1
          value: 1
          inSlope: 0
          outSlope: 0
          tangentMode: 0
        m_PreInfinity: 2
        m_PostInfinity: 2
      minCurve:
        serializedVersion: 2
        m_Curve:
        - time: 0
          value: 0
          inSlope: 0
          outSlope: 0
          tangentMode: 0
        - time: 1
          value: 0
          inSlope: 0
          outSlope: 0
          tangentMode: 0
        m_PreInfinity: 2
        m_PostInfinity: 2
      minMaxState: 1
    range: {x: 0, y: 1}
  RotationBySpeedModule:
    enabled: 0
    curve:
      scalar: .785398126
      maxCurve:
        serializedVersion: 2
        m_Curve:
        - time: 0
          value: 1
          inSlope: 0
          outSlope: 0
          tangentMode: 0
        - time: 1
          value: 1
          inSlope: 0
          outSlope: 0
          tangentMode: 0
        m_PreInfinity: 2
        m_PostInfinity: 2
      minCurve:
        serializedVersion: 2
        m_Curve:
        - time: 0
          value: 0
          inSlope: 0
          outSlope: 0
          tangentMode: 0
        - time: 1
          value: 0
          inSlope: 0
          outSlope: 0
          tangentMode: 0
        m_PreInfinity: 2
        m_PostInfinity: 2
      minMaxState: 0
    range: {x: 0, y: 1}
  ColorBySpeedModule:
    enabled: 0
    gradient:
      maxGradient:
        key0:
          serializedVersion: 2
          rgba: 4294967295
        key1:
          serializedVersion: 2
          rgba: 4294967295
        key2:
          serializedVersion: 2
          rgba: 0
        key3:
          serializedVersion: 2
          rgba: 0
        key4:
          serializedVersion: 2
          rgba: 0
        key5:
          serializedVersion: 2
          rgba: 0
        key6:
          serializedVersion: 2
          rgba: 0
        key7:
          serializedVersion: 2
          rgba: 0
        ctime0: 0
        ctime1: 65535
        ctime2: 0
        ctime3: 0
        ctime4: 0
        ctime5: 0
        ctime6: 0
        ctime7: 0
        atime0: 0
        atime1: 65535
        atime2: 0
        atime3: 0
        atime4: 0
        atime5: 0
        atime6: 0
        atime7: 0
        m_NumColorKeys: 2
        m_NumAlphaKeys: 2
      minGradient:
        key0:
          serializedVersion: 2
          rgba: 4294967295
        key1:
          serializedVersion: 2
          rgba: 4294967295
        key2:
          serializedVersion: 2
          rgba: 0
        key3:
          serializedVersion: 2
          rgba: 0
        key4:
          serializedVersion: 2
          rgba: 0
        key5:
          serializedVersion: 2
          rgba: 0
        key6:
          serializedVersion: 2
          rgba: 0
        key7:
          serializedVersion: 2
          rgba: 0
        ctime0: 0
        ctime1: 65535
        ctime2: 0
        ctime3: 0
        ctime4: 0
        ctime5: 0
        ctime6: 0
        ctime7: 0
        atime0: 0
        atime1: 65535
        atime2: 0
        atime3: 0
        atime4: 0
        atime5: 0
        atime6: 0
        atime7: 0
        m_NumColorKeys: 2
        m_NumAlphaKeys: 2
      minColor:
        serializedVersion: 2
        rgba: 4294967295
      maxColor:
        serializedVersion: 2
        rgba: 4294967295
      minMaxState: 1
    range: {x: 0, y: 1}
  CollisionModule:
    enabled: 1
    type: 1
    plane0: {fileID: 0}
    plane1: {fileID: 0}
    plane2: {fileID: 0}
    plane3: {fileID: 0}
    plane4: {fileID: 0}
    plane5: {fileID: 0}
    dampen: 0
    bounce: 1
    energyLossOnCollision: 0
    minKillSpeed: 0
    particleRadius: .00999999978
    collidesWith:
      serializedVersion: 2
      m_Bits: 4294967295
    quality: 0
    voxelSize: .5
    collisionMessages: 0
  SubModule:
    enabled: 0
    subEmitterBirth: {fileID: 0}
    subEmitterBirth1: {fileID: 0}
    subEmitterCollision: {fileID: 0}
    subEmitterCollision1: {fileID: 0}
    subEmitterDeath: {fileID: 0}
    subEmitterDeath1: {fileID: 0}
--- !u!4 &545122406
Transform:
  m_ObjectHideFlags: 0
  m_PrefabParentObject: {fileID: 0}
  m_PrefabInternal: {fileID: 0}
  m_GameObject: {fileID: 545122403}
  m_LocalRotation: {x: -.707106829, y: 0, z: 0, w: .707106829}
  m_LocalPosition: {x: 1.36530006, y: -3.12779999, z: .35383001}
  m_LocalScale: {x: 1, y: 1, z: 1}
  m_Children: []
  m_Father: {fileID: 0}
  m_RootOrder: 6
--- !u!1 &621825789
GameObject:
  m_ObjectHideFlags: 0
  m_PrefabParentObject: {fileID: 0}
  m_PrefabInternal: {fileID: 0}
  serializedVersion: 4
  m_Component:
  - 4: {fileID: 621825790}
  m_Layer: 0
  m_Name: eggSpawn
  m_TagString: Untagged
  m_Icon: {fileID: 0}
  m_NavMeshLayer: 0
  m_StaticEditorFlags: 0
  m_IsActive: 1
--- !u!4 &621825790
Transform:
  m_ObjectHideFlags: 0
  m_PrefabParentObject: {fileID: 0}
  m_PrefabInternal: {fileID: 0}
  m_GameObject: {fileID: 621825789}
  m_LocalRotation: {x: 0, y: 0, z: 0, w: 1}
  m_LocalPosition: {x: -.752238989, y: .259790659, z: -.543395817}
  m_LocalScale: {x: 1, y: 1, z: 1}
  m_Children: []
  m_Father: {fileID: 206852304}
  m_RootOrder: 12
--- !u!1 &679852917
GameObject:
  m_ObjectHideFlags: 0
  m_PrefabParentObject: {fileID: 0}
  m_PrefabInternal: {fileID: 0}
  serializedVersion: 4
  m_Component:
  - 4: {fileID: 679852918}
  m_Layer: 0
  m_Name: eggSpawn
  m_TagString: Untagged
  m_Icon: {fileID: 0}
  m_NavMeshLayer: 0
  m_StaticEditorFlags: 0
  m_IsActive: 1
--- !u!4 &679852918
Transform:
  m_ObjectHideFlags: 0
  m_PrefabParentObject: {fileID: 0}
  m_PrefabInternal: {fileID: 0}
  m_GameObject: {fileID: 679852917}
  m_LocalRotation: {x: 0, y: 0, z: 0, w: 1}
  m_LocalPosition: {x: -.436738968, y: .259790659, z: -.338245809}
  m_LocalScale: {x: 1, y: 1, z: 1}
  m_Children: []
  m_Father: {fileID: 206852304}
  m_RootOrder: 19
--- !u!1 &777698518
GameObject:
  m_ObjectHideFlags: 0
  m_PrefabParentObject: {fileID: 0}
  m_PrefabInternal: {fileID: 0}
  serializedVersion: 4
  m_Component:
  - 4: {fileID: 777698519}
  m_Layer: 0
  m_Name: eggSpawn
  m_TagString: Untagged
  m_Icon: {fileID: 0}
  m_NavMeshLayer: 0
  m_StaticEditorFlags: 0
  m_IsActive: 1
--- !u!4 &777698519
Transform:
  m_ObjectHideFlags: 0
  m_PrefabParentObject: {fileID: 0}
  m_PrefabInternal: {fileID: 0}
  m_GameObject: {fileID: 777698518}
  m_LocalRotation: {x: 0, y: 0, z: 0, w: 1}
  m_LocalPosition: {x: .584860563, y: .259790659, z: -.183955789}
  m_LocalScale: {x: 1, y: 1, z: 1}
  m_Children: []
  m_Father: {fileID: 206852304}
  m_RootOrder: 17
--- !u!1 &814313181
GameObject:
  m_ObjectHideFlags: 0
  m_PrefabParentObject: {fileID: 0}
  m_PrefabInternal: {fileID: 0}
  serializedVersion: 4
  m_Component:
  - 4: {fileID: 814313182}
  m_Layer: 0
  m_Name: eggSpawn
  m_TagString: Untagged
  m_Icon: {fileID: 0}
  m_NavMeshLayer: 0
  m_StaticEditorFlags: 0
  m_IsActive: 1
--- !u!4 &814313182
Transform:
  m_ObjectHideFlags: 0
  m_PrefabParentObject: {fileID: 0}
  m_PrefabInternal: {fileID: 0}
  m_GameObject: {fileID: 814313181}
  m_LocalRotation: {x: 0, y: 0, z: 0, w: 1}
  m_LocalPosition: {x: -.105139017, y: .259790659, z: 1.45936418}
  m_LocalScale: {x: 1, y: 1, z: 1}
  m_Children: []
  m_Father: {fileID: 206852304}
  m_RootOrder: 8
--- !u!1 &835525597
GameObject:
  m_ObjectHideFlags: 0
  m_PrefabParentObject: {fileID: 0}
  m_PrefabInternal: {fileID: 0}
  serializedVersion: 4
  m_Component:
  - 4: {fileID: 835525598}
  m_Layer: 0
  m_Name: eggSpawn
  m_TagString: Untagged
  m_Icon: {fileID: 0}
  m_NavMeshLayer: 0
  m_StaticEditorFlags: 0
  m_IsActive: 1
--- !u!4 &835525598
Transform:
  m_ObjectHideFlags: 0
  m_PrefabParentObject: {fileID: 0}
  m_PrefabInternal: {fileID: 0}
  m_GameObject: {fileID: 835525597}
  m_LocalRotation: {x: 0, y: 0, z: 0, w: 1}
  m_LocalPosition: {x: .165760756, y: .259790659, z: .464388698}
  m_LocalScale: {x: 1, y: 1, z: 1}
  m_Children: []
  m_Father: {fileID: 206852304}
  m_RootOrder: 0
--- !u!1001 &886424621
Prefab:
  m_ObjectHideFlags: 0
  serializedVersion: 2
  m_Modification:
    m_TransformParent: {fileID: 2123251524}
    m_Modifications:
    - target: {fileID: 400000, guid: a1f71fdf3e59d454f90b2e1c2da23709, type: 2}
      propertyPath: m_LocalPosition.x
      value: .497220457
      objectReference: {fileID: 0}
    - target: {fileID: 400000, guid: a1f71fdf3e59d454f90b2e1c2da23709, type: 2}
      propertyPath: m_LocalPosition.y
      value: -.183624953
      objectReference: {fileID: 0}
    - target: {fileID: 400000, guid: a1f71fdf3e59d454f90b2e1c2da23709, type: 2}
      propertyPath: m_LocalPosition.z
      value: .851297379
      objectReference: {fileID: 0}
    - target: {fileID: 400000, guid: a1f71fdf3e59d454f90b2e1c2da23709, type: 2}
      propertyPath: m_LocalRotation.x
      value: -.707106829
      objectReference: {fileID: 0}
    - target: {fileID: 400000, guid: a1f71fdf3e59d454f90b2e1c2da23709, type: 2}
      propertyPath: m_LocalRotation.y
      value: 0
      objectReference: {fileID: 0}
    - target: {fileID: 400000, guid: a1f71fdf3e59d454f90b2e1c2da23709, type: 2}
      propertyPath: m_LocalRotation.z
      value: 0
      objectReference: {fileID: 0}
    - target: {fileID: 400000, guid: a1f71fdf3e59d454f90b2e1c2da23709, type: 2}
      propertyPath: m_LocalRotation.w
      value: .707106829
      objectReference: {fileID: 0}
    - target: {fileID: 400000, guid: a1f71fdf3e59d454f90b2e1c2da23709, type: 2}
      propertyPath: m_RootOrder
      value: 0
      objectReference: {fileID: 0}
    m_RemovedComponents: []
  m_ParentPrefab: {fileID: 100100000, guid: a1f71fdf3e59d454f90b2e1c2da23709, type: 2}
  m_RootGameObject: {fileID: 1582819973}
  m_IsPrefabParent: 0
  m_IsExploded: 1
--- !u!1 &928540859
GameObject:
  m_ObjectHideFlags: 0
  m_PrefabParentObject: {fileID: 0}
  m_PrefabInternal: {fileID: 0}
  serializedVersion: 4
  m_Component:
  - 4: {fileID: 928540863}
  - 114: {fileID: 928540862}
  - 114: {fileID: 928540861}
  - 114: {fileID: 928540860}
  m_Layer: 0
  m_Name: EventSystem
  m_TagString: Untagged
  m_Icon: {fileID: 0}
  m_NavMeshLayer: 0
  m_StaticEditorFlags: 0
  m_IsActive: 1
--- !u!114 &928540860
MonoBehaviour:
  m_ObjectHideFlags: 0
  m_PrefabParentObject: {fileID: 0}
  m_PrefabInternal: {fileID: 0}
  m_GameObject: {fileID: 928540859}
  m_Enabled: 1
  m_EditorHideFlags: 0
  m_Script: {fileID: 1997211142, guid: f5f67c52d1564df4a8936ccd202a3bd8, type: 3}
  m_Name: 
  m_EditorClassIdentifier: 
  m_AllowActivationOnStandalone: 0
--- !u!114 &928540861
MonoBehaviour:
  m_ObjectHideFlags: 0
  m_PrefabParentObject: {fileID: 0}
  m_PrefabInternal: {fileID: 0}
  m_GameObject: {fileID: 928540859}
  m_Enabled: 1
  m_EditorHideFlags: 0
  m_Script: {fileID: 1077351063, guid: f5f67c52d1564df4a8936ccd202a3bd8, type: 3}
  m_Name: 
  m_EditorClassIdentifier: 
  m_HorizontalAxis: Horizontal
  m_VerticalAxis: Vertical
  m_SubmitButton: Submit
  m_CancelButton: Cancel
  m_InputActionsPerSecond: 10
  m_AllowActivationOnMobileDevice: 0
--- !u!114 &928540862
MonoBehaviour:
  m_ObjectHideFlags: 0
  m_PrefabParentObject: {fileID: 0}
  m_PrefabInternal: {fileID: 0}
  m_GameObject: {fileID: 928540859}
  m_Enabled: 1
  m_EditorHideFlags: 0
  m_Script: {fileID: -619905303, guid: f5f67c52d1564df4a8936ccd202a3bd8, type: 3}
  m_Name: 
  m_EditorClassIdentifier: 
  m_FirstSelected: {fileID: 0}
  m_sendNavigationEvents: 1
  m_DragThreshold: 5
--- !u!4 &928540863
Transform:
  m_ObjectHideFlags: 0
  m_PrefabParentObject: {fileID: 0}
  m_PrefabInternal: {fileID: 0}
  m_GameObject: {fileID: 928540859}
  m_LocalRotation: {x: 0, y: 0, z: 0, w: 1}
  m_LocalPosition: {x: 0, y: 0, z: 0}
  m_LocalScale: {x: 1, y: 1, z: 1}
  m_Children: []
  m_Father: {fileID: 0}
  m_RootOrder: 8
--- !u!1 &941560105
GameObject:
  m_ObjectHideFlags: 0
  m_PrefabParentObject: {fileID: 0}
  m_PrefabInternal: {fileID: 0}
  serializedVersion: 4
  m_Component:
  - 4: {fileID: 941560110}
  - 20: {fileID: 941560109}
  - 92: {fileID: 941560108}
  - 124: {fileID: 941560107}
  - 81: {fileID: 941560106}
  - 114: {fileID: 941560111}
  m_Layer: 0
  m_Name: Main Camera
  m_TagString: MainCamera
  m_Icon: {fileID: 0}
  m_NavMeshLayer: 0
  m_StaticEditorFlags: 0
  m_IsActive: 1
--- !u!81 &941560106
AudioListener:
  m_ObjectHideFlags: 0
  m_PrefabParentObject: {fileID: 0}
  m_PrefabInternal: {fileID: 0}
  m_GameObject: {fileID: 941560105}
  m_Enabled: 1
--- !u!124 &941560107
Behaviour:
  m_ObjectHideFlags: 0
  m_PrefabParentObject: {fileID: 0}
  m_PrefabInternal: {fileID: 0}
  m_GameObject: {fileID: 941560105}
  m_Enabled: 1
--- !u!92 &941560108
Behaviour:
  m_ObjectHideFlags: 0
  m_PrefabParentObject: {fileID: 0}
  m_PrefabInternal: {fileID: 0}
  m_GameObject: {fileID: 941560105}
  m_Enabled: 1
--- !u!20 &941560109
Camera:
  m_ObjectHideFlags: 0
  m_PrefabParentObject: {fileID: 0}
  m_PrefabInternal: {fileID: 0}
  m_GameObject: {fileID: 941560105}
  m_Enabled: 1
  serializedVersion: 2
  m_ClearFlags: 1
  m_BackGroundColor: {r: .192156866, g: .301960796, b: .474509805, a: .0196078438}
  m_NormalizedViewPortRect:
    serializedVersion: 2
    x: 0
    y: 0
    width: 1
    height: 1
  near clip plane: .300000012
  far clip plane: 1000
  field of view: 60
  orthographic: 0
  orthographic size: 5
  m_Depth: -1
  m_CullingMask:
    serializedVersion: 2
    m_Bits: 4294967295
  m_RenderingPath: 0
  m_TargetTexture: {fileID: 0}
  m_TargetDisplay: 0
  m_HDR: 0
  m_OcclusionCulling: 1
  m_StereoConvergence: 10
  m_StereoSeparation: .0219999999
--- !u!4 &941560110
Transform:
  m_ObjectHideFlags: 0
  m_PrefabParentObject: {fileID: 0}
  m_PrefabInternal: {fileID: 0}
  m_GameObject: {fileID: 941560105}
  m_LocalRotation: {x: .297157466, y: .64163655, z: -.297157466, w: .64163655}
  m_LocalPosition: {x: -4.25080013, y: 3.6875, z: -.282849997}
  m_LocalScale: {x: 1, y: 1, z: 1}
  m_Children: []
  m_Father: {fileID: 0}
  m_RootOrder: 1
--- !u!114 &941560111
MonoBehaviour:
  m_ObjectHideFlags: 0
  m_PrefabParentObject: {fileID: 0}
  m_PrefabInternal: {fileID: 0}
  m_GameObject: {fileID: 941560105}
  m_Enabled: 1
  m_EditorHideFlags: 0
  m_Script: {fileID: 11500000, guid: 818400732aa49714688b9827e2c5d1e1, type: 3}
  m_Name: 
  m_EditorClassIdentifier: 
  DifficultySkin: {fileID: 11400000, guid: 009c68214633d374790d1c8c15bf8331, type: 2}
  GameOverSkin: {fileID: 11400000, guid: e6ae9fb7f8cbfb941beb39c8edd63e51, type: 2}
  textPoints: {fileID: 1312205350}
--- !u!1 &974995473
GameObject:
  m_ObjectHideFlags: 0
  m_PrefabParentObject: {fileID: 100000, guid: 066268973314f7c4ab96321957b25fa3, type: 2}
  m_PrefabInternal: {fileID: 1990566118}
  serializedVersion: 4
  m_Component:
  - 4: {fileID: 974995480}
  - 33: {fileID: 974995479}
  - 23: {fileID: 974995478}
  - 95: {fileID: 974995477}
  - 54: {fileID: 974995476}
  - 65: {fileID: 974995475}
  - 114: {fileID: 974995474}
  - 114: {fileID: 974995481}
  - 82: {fileID: 974995482}
  m_Layer: 0
  m_Name: egg_Model
  m_TagString: Untagged
  m_Icon: {fileID: 0}
  m_NavMeshLayer: 0
  m_StaticEditorFlags: 0
  m_IsActive: 1
--- !u!114 &974995474
MonoBehaviour:
  m_ObjectHideFlags: 0
  m_PrefabParentObject: {fileID: 11400002, guid: 066268973314f7c4ab96321957b25fa3,
    type: 2}
  m_PrefabInternal: {fileID: 1990566118}
  m_GameObject: {fileID: 974995473}
  m_Enabled: 1
  m_EditorHideFlags: 0
  m_Script: {fileID: 11500000, guid: b6351bd4e7090a24ea95891c06fcdd85, type: 3}
  m_Name: 
  m_EditorClassIdentifier: 
  _egg: {fileID: 400000, guid: 066268973314f7c4ab96321957b25fa3, type: 2}
--- !u!65 &974995475
BoxCollider:
  m_ObjectHideFlags: 0
  m_PrefabParentObject: {fileID: 6500000, guid: 066268973314f7c4ab96321957b25fa3,
    type: 2}
  m_PrefabInternal: {fileID: 1990566118}
  m_GameObject: {fileID: 974995473}
  m_Material: {fileID: 0}
  m_IsTrigger: 0
  m_Enabled: 1
  serializedVersion: 2
  m_Size: {x: -.0500000007, y: .0199999996, z: .0599999987}
  m_Center: {x: -.000861825421, y: .00700000022, z: -5.58793545e-09}
--- !u!54 &974995476
Rigidbody:
  m_ObjectHideFlags: 0
  m_PrefabParentObject: {fileID: 5400000, guid: 066268973314f7c4ab96321957b25fa3,
    type: 2}
  m_PrefabInternal: {fileID: 1990566118}
  m_GameObject: {fileID: 974995473}
  serializedVersion: 2
  m_Mass: 1.00000001e-07
  m_Drag: 2
  m_AngularDrag: .0500000007
  m_UseGravity: 1
  m_IsKinematic: 0
  m_Interpolate: 1
  m_Constraints: 0
  m_CollisionDetection: 2
--- !u!95 &974995477
Animator:
  serializedVersion: 3
  m_ObjectHideFlags: 0
  m_PrefabParentObject: {fileID: 9500000, guid: 066268973314f7c4ab96321957b25fa3,
    type: 2}
  m_PrefabInternal: {fileID: 1990566118}
  m_GameObject: {fileID: 974995473}
  m_Enabled: 1
  m_Avatar: {fileID: 9000000, guid: 2393c80015b3e3342b3bf1c41a6f450e, type: 3}
  m_Controller: {fileID: 0}
  m_CullingMode: 0
  m_UpdateMode: 0
  m_ApplyRootMotion: 1
  m_HasTransformHierarchy: 1
  m_AllowConstantClipSamplingOptimization: 1
--- !u!23 &974995478
Renderer:
  m_ObjectHideFlags: 0
  m_PrefabParentObject: {fileID: 2300000, guid: 066268973314f7c4ab96321957b25fa3,
    type: 2}
  m_PrefabInternal: {fileID: 1990566118}
  m_GameObject: {fileID: 974995473}
  m_Enabled: 1
  m_CastShadows: 1
  m_ReceiveShadows: 1
  m_LightmapIndex: 255
  m_LightmapTilingOffset: {x: 1, y: 1, z: 0, w: 0}
  m_Materials:
  - {fileID: 2100000, guid: cac211b63a79eeb47b0d3e18cb6e5eb8, type: 2}
  m_SubsetIndices: 
  m_StaticBatchRoot: {fileID: 0}
  m_UseLightProbes: 0
  m_LightProbeAnchor: {fileID: 0}
  m_ScaleInLightmap: 1
  m_SortingLayerID: 0
  m_SortingOrder: 0
--- !u!33 &974995479
MeshFilter:
  m_ObjectHideFlags: 0
  m_PrefabParentObject: {fileID: 3300000, guid: 066268973314f7c4ab96321957b25fa3,
    type: 2}
  m_PrefabInternal: {fileID: 1990566118}
  m_GameObject: {fileID: 974995473}
  m_Mesh: {fileID: 4300000, guid: 2393c80015b3e3342b3bf1c41a6f450e, type: 3}
--- !u!4 &974995480
Transform:
  m_ObjectHideFlags: 0
  m_PrefabParentObject: {fileID: 400000, guid: 066268973314f7c4ab96321957b25fa3, type: 2}
  m_PrefabInternal: {fileID: 1990566118}
  m_GameObject: {fileID: 974995473}
  m_LocalRotation: {x: 0, y: -0, z: -0, w: 1}
  m_LocalPosition: {x: 1.20239997, y: -.751060009, z: -.545340002}
  m_LocalScale: {x: 9.08805752, y: 9.08805847, z: 9.08805847}
  m_Children: []
  m_Father: {fileID: 0}
  m_RootOrder: 0
--- !u!114 &974995481
MonoBehaviour:
  m_ObjectHideFlags: 0
  m_PrefabParentObject: {fileID: 11400000, guid: 066268973314f7c4ab96321957b25fa3,
    type: 2}
  m_PrefabInternal: {fileID: 1990566118}
  m_GameObject: {fileID: 974995473}
  m_Enabled: 1
  m_EditorHideFlags: 0
  m_Script: {fileID: 11500000, guid: de2850ef0c9423e438b91cb769a690a0, type: 3}
  m_Name: 
  m_EditorClassIdentifier: 
--- !u!82 &974995482
AudioSource:
  m_ObjectHideFlags: 0
  m_PrefabParentObject: {fileID: 8200000, guid: 066268973314f7c4ab96321957b25fa3,
    type: 2}
  m_PrefabInternal: {fileID: 1990566118}
  m_GameObject: {fileID: 974995473}
  m_Enabled: 1
  serializedVersion: 3
  m_audioClip: {fileID: 8300000, guid: e22681e2ff12f614da5003c029558c60, type: 3}
  m_PlayOnAwake: 0
  m_Volume: 1
  m_Pitch: 1
  Loop: 0
  Mute: 0
  Priority: 128
  DopplerLevel: 1
  MinDistance: 50
  MaxDistance: 500
  Pan2D: 0
  rolloffMode: 0
  BypassEffects: 0
  BypassListenerEffects: 0
  BypassReverbZones: 0
  rolloffCustomCurve:
    serializedVersion: 2
    m_Curve:
    - time: 0
      value: 1
      inSlope: 0
      outSlope: 0
      tangentMode: 0
    - time: 1
      value: 0
      inSlope: 0
      outSlope: 0
      tangentMode: 0
    m_PreInfinity: 2
    m_PostInfinity: 2
  panLevelCustomCurve:
    serializedVersion: 2
    m_Curve:
    - time: 0
      value: 1
      inSlope: 0
      outSlope: 0
      tangentMode: 0
    m_PreInfinity: 2
    m_PostInfinity: 2
  spreadCustomCurve:
    serializedVersion: 2
    m_Curve:
    - time: 0
      value: 0
      inSlope: 0
      outSlope: 0
      tangentMode: 0
    m_PreInfinity: 2
    m_PostInfinity: 2
--- !u!1 &978052830
GameObject:
  m_ObjectHideFlags: 0
  m_PrefabParentObject: {fileID: 100004, guid: 1b329967a2171674d8927cfa59bc840f, type: 2}
  m_PrefabInternal: {fileID: 0}
  serializedVersion: 4
  m_Component:
  - 4: {fileID: 978052831}
  m_Layer: 0
  m_Name: Fry_Pan
  m_TagString: Untagged
  m_Icon: {fileID: 0}
  m_NavMeshLayer: 0
  m_StaticEditorFlags: 0
  m_IsActive: 1
--- !u!4 &978052831
Transform:
  m_ObjectHideFlags: 0
  m_PrefabParentObject: {fileID: 400004, guid: 1b329967a2171674d8927cfa59bc840f, type: 2}
  m_PrefabInternal: {fileID: 0}
  m_GameObject: {fileID: 978052830}
  m_LocalRotation: {x: 0, y: 0, z: 0, w: 1}
  m_LocalPosition: {x: -3.04870009, y: -.333249986, z: -.146070004}
  m_LocalScale: {x: 1, y: 1, z: 1}
  m_Children:
  - {fileID: 103453148}
  m_Father: {fileID: 0}
  m_RootOrder: 4
--- !u!1 &1016100131
GameObject:
  m_ObjectHideFlags: 0
  m_PrefabParentObject: {fileID: 0}
  m_PrefabInternal: {fileID: 0}
  serializedVersion: 4
  m_Component:
  - 224: {fileID: 1016100132}
  - 222: {fileID: 1016100134}
  - 114: {fileID: 1016100133}
  m_Layer: 5
  m_Name: toleft
  m_TagString: Untagged
  m_Icon: {fileID: 0}
  m_NavMeshLayer: 0
  m_StaticEditorFlags: 0
  m_IsActive: 1
--- !u!224 &1016100132
RectTransform:
  m_ObjectHideFlags: 0
  m_PrefabParentObject: {fileID: 0}
  m_PrefabInternal: {fileID: 0}
  m_GameObject: {fileID: 1016100131}
  m_LocalRotation: {x: 0, y: 0, z: 0, w: 1}
  m_LocalPosition: {x: 0, y: 0, z: -7.80950022}
  m_LocalScale: {x: 1, y: 1, z: 1}
  m_Children: []
  m_Father: {fileID: 270697887}
  m_RootOrder: 2
  m_AnchorMin: {x: .0577368438, y: .227000013}
  m_AnchorMax: {x: .234631583, y: .773000062}
  m_AnchoredPosition: {x: 35.2109985, y: 0}
  m_SizeDelta: {x: 63, y: 0}
  m_Pivot: {x: .5, y: .5}
--- !u!114 &1016100133
MonoBehaviour:
  m_ObjectHideFlags: 0
  m_PrefabParentObject: {fileID: 0}
  m_PrefabInternal: {fileID: 0}
  m_GameObject: {fileID: 1016100131}
  m_Enabled: 1
  m_EditorHideFlags: 0
  m_Script: {fileID: 708705254, guid: f5f67c52d1564df4a8936ccd202a3bd8, type: 3}
  m_Name: 
  m_EditorClassIdentifier: 
  m_Material: {fileID: 0}
  m_Color: {r: .1953125, g: .1953125, b: .1953125, a: 1}
  m_FontData:
    m_Font: {fileID: 10102, guid: 0000000000000000e000000000000000, type: 0}
    m_FontSize: 30
    m_FontStyle: 0
    m_BestFit: 0
    m_MinSize: 10
    m_MaxSize: 40
    m_Alignment: 0
    m_RichText: 1
    m_HorizontalOverflow: 1
    m_VerticalOverflow: 1
    m_LineSpacing: 1
  m_Text: 'Time:'
--- !u!222 &1016100134
CanvasRenderer:
  m_ObjectHideFlags: 0
  m_PrefabParentObject: {fileID: 0}
  m_PrefabInternal: {fileID: 0}
  m_GameObject: {fileID: 1016100131}
--- !u!1 &1030051918
GameObject:
  m_ObjectHideFlags: 0
  m_PrefabParentObject: {fileID: 0}
  m_PrefabInternal: {fileID: 0}
  serializedVersion: 4
  m_Component:
  - 4: {fileID: 1030051919}
  - 82: {fileID: 1030051920}
  - 82: {fileID: 1030051921}
  m_Layer: 0
  m_Name: Audio Source
  m_TagString: Untagged
  m_Icon: {fileID: 0}
  m_NavMeshLayer: 0
  m_StaticEditorFlags: 0
  m_IsActive: 1
--- !u!4 &1030051919
Transform:
  m_ObjectHideFlags: 0
  m_PrefabParentObject: {fileID: 0}
  m_PrefabInternal: {fileID: 0}
  m_GameObject: {fileID: 1030051918}
  m_LocalRotation: {x: 0, y: 0, z: 0, w: 1}
  m_LocalPosition: {x: 0, y: 0, z: 0}
  m_LocalScale: {x: 1, y: 1, z: 1}
  m_Children: []
  m_Father: {fileID: 103453148}
  m_RootOrder: 2
--- !u!82 &1030051920
AudioSource:
  m_ObjectHideFlags: 0
  m_PrefabParentObject: {fileID: 0}
  m_PrefabInternal: {fileID: 0}
  m_GameObject: {fileID: 1030051918}
  m_Enabled: 1
  serializedVersion: 3
  m_audioClip: {fileID: 8300000, guid: fab18339fb9f0614a8dd0e0f1af98317, type: 3}
  m_PlayOnAwake: 1
  m_Volume: .330000013
  m_Pitch: 1
  Loop: 1
  Mute: 0
  Priority: 128
  DopplerLevel: 1
  MinDistance: 50
  MaxDistance: 500
  Pan2D: 0
  rolloffMode: 0
  BypassEffects: 0
  BypassListenerEffects: 0
  BypassReverbZones: 0
  rolloffCustomCurve:
    serializedVersion: 2
    m_Curve:
    - time: 0
      value: 1
      inSlope: 0
      outSlope: 0
      tangentMode: 0
    - time: 1
      value: 0
      inSlope: 0
      outSlope: 0
      tangentMode: 0
    m_PreInfinity: 2
    m_PostInfinity: 2
  panLevelCustomCurve:
    serializedVersion: 2
    m_Curve:
    - time: 0
      value: 1
      inSlope: 0
      outSlope: 0
      tangentMode: 0
    m_PreInfinity: 2
    m_PostInfinity: 2
  spreadCustomCurve:
    serializedVersion: 2
    m_Curve:
    - time: 0
      value: 0
      inSlope: 0
      outSlope: 0
      tangentMode: 0
    m_PreInfinity: 2
    m_PostInfinity: 2
--- !u!82 &1030051921
AudioSource:
  m_ObjectHideFlags: 0
  m_PrefabParentObject: {fileID: 0}
  m_PrefabInternal: {fileID: 0}
  m_GameObject: {fileID: 1030051918}
  m_Enabled: 1
  serializedVersion: 3
  m_audioClip: {fileID: 8300000, guid: faccef2d7b819414295fc21763778b24, type: 3}
  m_PlayOnAwake: 1
  m_Volume: 1
  m_Pitch: 1
  Loop: 1
  Mute: 0
  Priority: 128
  DopplerLevel: 1
  MinDistance: 50
  MaxDistance: 500
  Pan2D: 0
  rolloffMode: 0
  BypassEffects: 0
  BypassListenerEffects: 0
  BypassReverbZones: 0
  rolloffCustomCurve:
    serializedVersion: 2
    m_Curve:
    - time: 0
      value: 1
      inSlope: 0
      outSlope: 0
      tangentMode: 0
    - time: 1
      value: 0
      inSlope: 0
      outSlope: 0
      tangentMode: 0
    m_PreInfinity: 2
    m_PostInfinity: 2
  panLevelCustomCurve:
    serializedVersion: 2
    m_Curve:
    - time: 0
      value: 1
      inSlope: 0
      outSlope: 0
      tangentMode: 0
    m_PreInfinity: 2
    m_PostInfinity: 2
  spreadCustomCurve:
    serializedVersion: 2
    m_Curve:
    - time: 0
      value: 0
      inSlope: 0
      outSlope: 0
      tangentMode: 0
    m_PreInfinity: 2
    m_PostInfinity: 2
--- !u!1 &1058750884
GameObject:
  m_ObjectHideFlags: 0
  m_PrefabParentObject: {fileID: 0}
  m_PrefabInternal: {fileID: 0}
  serializedVersion: 4
  m_Component:
  - 4: {fileID: 1058750885}
  m_Layer: 0
  m_Name: eggSpawn
  m_TagString: Untagged
  m_Icon: {fileID: 0}
  m_NavMeshLayer: 0
  m_StaticEditorFlags: 0
  m_IsActive: 1
--- !u!4 &1058750885
Transform:
  m_ObjectHideFlags: 0
  m_PrefabParentObject: {fileID: 0}
  m_PrefabInternal: {fileID: 0}
  m_GameObject: {fileID: 1058750884}
  m_LocalRotation: {x: 0, y: 0, z: 0, w: 1}
  m_LocalPosition: {x: .154260874, y: .259790659, z: .780914187}
  m_LocalScale: {x: 1, y: 1, z: 1}
  m_Children: []
  m_Father: {fileID: 206852304}
  m_RootOrder: 14
--- !u!1 &1104931152
GameObject:
  m_ObjectHideFlags: 0
  m_PrefabParentObject: {fileID: 0}
  m_PrefabInternal: {fileID: 0}
  serializedVersion: 4
  m_Component:
  - 4: {fileID: 1104931153}
  m_Layer: 0
  m_Name: eggSpawn
  m_TagString: Untagged
  m_Icon: {fileID: 0}
  m_NavMeshLayer: 0
  m_StaticEditorFlags: 0
  m_IsActive: 1
--- !u!4 &1104931153
Transform:
  m_ObjectHideFlags: 0
  m_PrefabParentObject: {fileID: 0}
  m_PrefabInternal: {fileID: 0}
  m_GameObject: {fileID: 1104931152}
  m_LocalRotation: {x: 0, y: 0, z: 0, w: 1}
  m_LocalPosition: {x: 1.44376063, y: .259790659, z: .844844222}
  m_LocalScale: {x: 1, y: 1, z: 1}
  m_Children: []
  m_Father: {fileID: 206852304}
  m_RootOrder: 5
--- !u!1 &1142890620
GameObject:
  m_ObjectHideFlags: 0
  m_PrefabParentObject: {fileID: 0}
  m_PrefabInternal: {fileID: 0}
  serializedVersion: 4
  m_Component:
  - 4: {fileID: 1142890621}
  m_Layer: 0
  m_Name: eggSpawn
  m_TagString: Untagged
  m_Icon: {fileID: 0}
  m_NavMeshLayer: 0
  m_StaticEditorFlags: 0
  m_IsActive: 1
--- !u!4 &1142890621
Transform:
  m_ObjectHideFlags: 0
  m_PrefabParentObject: {fileID: 0}
  m_PrefabInternal: {fileID: 0}
  m_GameObject: {fileID: 1142890620}
  m_LocalRotation: {x: 0, y: 0, z: 0, w: 1}
  m_LocalPosition: {x: .913861036, y: .259790659, z: -.864795864}
  m_LocalScale: {x: 1, y: 1, z: 1}
  m_Children: []
  m_Father: {fileID: 206852304}
  m_RootOrder: 2
--- !u!1 &1154899524
GameObject:
  m_ObjectHideFlags: 0
  m_PrefabParentObject: {fileID: 0}
  m_PrefabInternal: {fileID: 0}
  serializedVersion: 4
  m_Component:
  - 4: {fileID: 1154899525}
  m_Layer: 0
  m_Name: eggSpawn
  m_TagString: Untagged
  m_Icon: {fileID: 0}
  m_NavMeshLayer: 0
  m_StaticEditorFlags: 0
  m_IsActive: 1
--- !u!4 &1154899525
Transform:
  m_ObjectHideFlags: 0
  m_PrefabParentObject: {fileID: 0}
  m_PrefabInternal: {fileID: 0}
  m_GameObject: {fileID: 1154899524}
  m_LocalRotation: {x: 0, y: 0, z: 0, w: 1}
  m_LocalPosition: {x: -.392138958, y: .259790659, z: -.719695747}
  m_LocalScale: {x: 1, y: 1, z: 1}
  m_Children: []
  m_Father: {fileID: 206852304}
  m_RootOrder: 13
--- !u!1 &1309133866
GameObject:
  m_ObjectHideFlags: 0
  m_PrefabParentObject: {fileID: 0}
  m_PrefabInternal: {fileID: 0}
  serializedVersion: 4
  m_Component:
  - 4: {fileID: 1309133867}
  m_Layer: 0
  m_Name: eggSpawn
  m_TagString: Untagged
  m_Icon: {fileID: 0}
  m_NavMeshLayer: 0
  m_StaticEditorFlags: 0
  m_IsActive: 1
--- !u!4 &1309133867
Transform:
  m_ObjectHideFlags: 0
  m_PrefabParentObject: {fileID: 0}
  m_PrefabInternal: {fileID: 0}
  m_GameObject: {fileID: 1309133866}
  m_LocalRotation: {x: 0, y: 0, z: 0, w: 1}
  m_LocalPosition: {x: -1.03413892, y: .259790659, z: .694984198}
  m_LocalScale: {x: 1, y: 1, z: 1}
  m_Children: []
  m_Father: {fileID: 206852304}
  m_RootOrder: 10
--- !u!1 &1312205348
GameObject:
  m_ObjectHideFlags: 0
  m_PrefabParentObject: {fileID: 100000, guid: a66b403607f6f9e48b9628e158eb54b0, type: 2}
  m_PrefabInternal: {fileID: 1747730945}
  serializedVersion: 4
  m_Component:
  - 224: {fileID: 1312205349}
  - 222: {fileID: 1312205351}
  - 114: {fileID: 1312205350}
  m_Layer: 5
  m_Name: Score
  m_TagString: Untagged
  m_Icon: {fileID: 0}
  m_NavMeshLayer: 0
  m_StaticEditorFlags: 0
  m_IsActive: 1
--- !u!224 &1312205349
RectTransform:
  m_ObjectHideFlags: 0
  m_PrefabParentObject: {fileID: 22400000, guid: a66b403607f6f9e48b9628e158eb54b0,
    type: 2}
  m_PrefabInternal: {fileID: 1747730945}
  m_GameObject: {fileID: 1312205348}
  m_LocalRotation: {x: 0, y: 0, z: 0, w: 1}
  m_LocalPosition: {x: 0, y: 0, z: 0}
  m_LocalScale: {x: 1, y: 1, z: 1}
  m_Children: []
  m_Father: {fileID: 270697887}
  m_RootOrder: 3
  m_AnchorMin: {x: .765631616, y: .227000013}
  m_AnchorMax: {x: .831368446, y: .773000062}
  m_AnchoredPosition: {x: 53.7630005, y: 0}
  m_SizeDelta: {x: 105, y: 0}
  m_Pivot: {x: .5, y: .5}
--- !u!114 &1312205350
MonoBehaviour:
  m_ObjectHideFlags: 0
  m_PrefabParentObject: {fileID: 11400000, guid: a66b403607f6f9e48b9628e158eb54b0,
    type: 2}
  m_PrefabInternal: {fileID: 1747730945}
  m_GameObject: {fileID: 1312205348}
  m_Enabled: 1
  m_EditorHideFlags: 0
  m_Script: {fileID: 708705254, guid: f5f67c52d1564df4a8936ccd202a3bd8, type: 3}
  m_Name: 
  m_EditorClassIdentifier: 
  m_Material: {fileID: 0}
  m_Color: {r: .1953125, g: .1953125, b: .1953125, a: 1}
  m_FontData:
    m_Font: {fileID: 10102, guid: 0000000000000000e000000000000000, type: 0}
    m_FontSize: 30
    m_FontStyle: 0
    m_BestFit: 0
    m_MinSize: 10
    m_MaxSize: 40
    m_Alignment: 0
    m_RichText: 1
    m_HorizontalOverflow: 1
    m_VerticalOverflow: 1
    m_LineSpacing: 1
  m_Text: 
--- !u!222 &1312205351
CanvasRenderer:
  m_ObjectHideFlags: 0
  m_PrefabParentObject: {fileID: 22200000, guid: a66b403607f6f9e48b9628e158eb54b0,
    type: 2}
  m_PrefabInternal: {fileID: 1747730945}
  m_GameObject: {fileID: 1312205348}
--- !u!1 &1327430812
GameObject:
  m_ObjectHideFlags: 0
  m_PrefabParentObject: {fileID: 0}
  m_PrefabInternal: {fileID: 0}
  serializedVersion: 4
  m_Component:
  - 4: {fileID: 1327430813}
  m_Layer: 0
  m_Name: Lights
  m_TagString: Untagged
  m_Icon: {fileID: 0}
  m_NavMeshLayer: 0
  m_StaticEditorFlags: 0
  m_IsActive: 1
--- !u!4 &1327430813
Transform:
  m_ObjectHideFlags: 0
  m_PrefabParentObject: {fileID: 0}
  m_PrefabInternal: {fileID: 0}
  m_GameObject: {fileID: 1327430812}
  m_LocalRotation: {x: 0, y: 0, z: 0, w: 1}
  m_LocalPosition: {x: 1.17690003, y: 2.97810006, z: 0}
  m_LocalScale: {x: 1, y: 1, z: 1}
  m_Children:
  - {fileID: 434244968}
  - {fileID: 216384562}
  - {fileID: 2129697245}
  - {fileID: 1526968432}
  m_Father: {fileID: 0}
  m_RootOrder: 3
--- !u!1 &1337336070
GameObject:
  m_ObjectHideFlags: 0
  m_PrefabParentObject: {fileID: 0}
  m_PrefabInternal: {fileID: 0}
  serializedVersion: 4
  m_Component:
  - 4: {fileID: 1337336071}
  m_Layer: 0
  m_Name: eggSpawn
  m_TagString: Untagged
  m_Icon: {fileID: 0}
  m_NavMeshLayer: 0
  m_StaticEditorFlags: 0
  m_IsActive: 1
--- !u!4 &1337336071
Transform:
  m_ObjectHideFlags: 0
  m_PrefabParentObject: {fileID: 0}
  m_PrefabInternal: {fileID: 0}
  m_GameObject: {fileID: 1337336070}
  m_LocalRotation: {x: 0, y: 0, z: 0, w: 1}
  m_LocalPosition: {x: .653461218, y: .259790659, z: 1.04002428}
  m_LocalScale: {x: 1, y: 1, z: 1}
  m_Children: []
  m_Father: {fileID: 206852304}
  m_RootOrder: 15
--- !u!1 &1348814441
GameObject:
  m_ObjectHideFlags: 0
  m_PrefabParentObject: {fileID: 0}
  m_PrefabInternal: {fileID: 0}
  serializedVersion: 4
  m_Component:
  - 4: {fileID: 1348814442}
  m_Layer: 0
  m_Name: eggSpawn
  m_TagString: Untagged
  m_Icon: {fileID: 0}
  m_NavMeshLayer: 0
  m_StaticEditorFlags: 0
  m_IsActive: 1
--- !u!4 &1348814442
Transform:
  m_ObjectHideFlags: 0
  m_PrefabParentObject: {fileID: 0}
  m_PrefabInternal: {fileID: 0}
  m_GameObject: {fileID: 1348814441}
  m_LocalRotation: {x: 0, y: 0, z: 0, w: 1}
  m_LocalPosition: {x: 1.047961, y: .259790659, z: 1.29998422}
  m_LocalScale: {x: 1, y: 1, z: 1}
  m_Children: []
  m_Father: {fileID: 206852304}
  m_RootOrder: 6
--- !u!1 &1386870274
GameObject:
  m_ObjectHideFlags: 0
  m_PrefabParentObject: {fileID: 0}
  m_PrefabInternal: {fileID: 0}
  serializedVersion: 4
  m_Component:
  - 4: {fileID: 1386870275}
  m_Layer: 0
  m_Name: eggSpawn
  m_TagString: Untagged
  m_Icon: {fileID: 0}
  m_NavMeshLayer: 0
  m_StaticEditorFlags: 0
  m_IsActive: 1
--- !u!4 &1386870275
Transform:
  m_ObjectHideFlags: 0
  m_PrefabParentObject: {fileID: 0}
  m_PrefabInternal: {fileID: 0}
  m_GameObject: {fileID: 1386870274}
  m_LocalRotation: {x: 0, y: 0, z: 0, w: 1}
  m_LocalPosition: {x: 1.33036113, y: .259790659, z: -.360385835}
  m_LocalScale: {x: 1, y: 1, z: 1}
  m_Children: []
  m_Father: {fileID: 206852304}
  m_RootOrder: 3
--- !u!1 &1446047913
GameObject:
  m_ObjectHideFlags: 0
  m_PrefabParentObject: {fileID: 0}
  m_PrefabInternal: {fileID: 0}
  serializedVersion: 4
  m_Component:
  - 4: {fileID: 1446047914}
  m_Layer: 0
  m_Name: eggSpawn
  m_TagString: Untagged
  m_Icon: {fileID: 0}
  m_NavMeshLayer: 0
  m_StaticEditorFlags: 0
  m_IsActive: 1
--- !u!4 &1446047914
Transform:
  m_ObjectHideFlags: 0
  m_PrefabParentObject: {fileID: 0}
  m_PrefabInternal: {fileID: 0}
  m_GameObject: {fileID: 1446047913}
  m_LocalRotation: {x: 0, y: 0, z: 0, w: 1}
  m_LocalPosition: {x: -.700839043, y: .259790659, z: 1.26098418}
  m_LocalScale: {x: 1, y: 1, z: 1}
  m_Children: []
  m_Father: {fileID: 206852304}
  m_RootOrder: 9
--- !u!1 &1526968430
GameObject:
  m_ObjectHideFlags: 0
  m_PrefabParentObject: {fileID: 0}
  m_PrefabInternal: {fileID: 0}
  serializedVersion: 4
  m_Component:
  - 4: {fileID: 1526968432}
  - 108: {fileID: 1526968431}
  m_Layer: 0
  m_Name: Point light
  m_TagString: Untagged
  m_Icon: {fileID: 0}
  m_NavMeshLayer: 0
  m_StaticEditorFlags: 0
  m_IsActive: 1
--- !u!108 &1526968431
Light:
  m_ObjectHideFlags: 0
  m_PrefabParentObject: {fileID: 0}
  m_PrefabInternal: {fileID: 0}
  m_GameObject: {fileID: 1526968430}
  m_Enabled: 1
  serializedVersion: 3
  m_Type: 2
  m_Color: {r: .974036515, g: 1, b: .529411793, a: 1}
  m_Intensity: 1.08000004
  m_Range: 10.1599998
  m_SpotAngle: 47
  m_CookieSize: 10
  m_Shadows:
    m_Type: 0
    m_Resolution: -1
    m_Strength: 1
    m_Bias: .0500000007
    m_Softness: 4
    m_SoftnessFade: 1
  m_Cookie: {fileID: 0}
  m_DrawHalo: 0
  m_ActuallyLightmapped: 0
  m_Flare: {fileID: 0}
  m_RenderMode: 0
  m_CullingMask:
    serializedVersion: 2
    m_Bits: 4294967295
  m_Lightmapping: 1
  m_ShadowSamples: 1
  m_ShadowRadius: 0
  m_ShadowAngle: 0
  m_IndirectIntensity: 1
  m_AreaSize: {x: 1, y: 1}
--- !u!4 &1526968432
Transform:
  m_ObjectHideFlags: 0
  m_PrefabParentObject: {fileID: 0}
  m_PrefabInternal: {fileID: 0}
  m_GameObject: {fileID: 1526968430}
  m_LocalRotation: {x: .706921637, y: 0, z: 0, w: .707291901}
  m_LocalPosition: {x: -.908450007, y: .176800013, z: 1.13759995}
  m_LocalScale: {x: 1, y: 1, z: 1}
  m_Children: []
  m_Father: {fileID: 1327430813}
  m_RootOrder: 3
--- !u!1 &1582819973
GameObject:
  m_ObjectHideFlags: 0
  m_PrefabParentObject: {fileID: 100000, guid: a1f71fdf3e59d454f90b2e1c2da23709, type: 2}
  m_PrefabInternal: {fileID: 886424621}
  serializedVersion: 4
  m_Component:
  - 4: {fileID: 1582819978}
  - 33: {fileID: 1582819977}
  - 135: {fileID: 1582819976}
  - 23: {fileID: 1582819975}
  - 54: {fileID: 1582819974}
  m_Layer: 0
  m_Name: points
  m_TagString: Point
  m_Icon: {fileID: 0}
  m_NavMeshLayer: 0
  m_StaticEditorFlags: 0
  m_IsActive: 1
--- !u!54 &1582819974
Rigidbody:
  m_ObjectHideFlags: 0
  m_PrefabParentObject: {fileID: 5400000, guid: a1f71fdf3e59d454f90b2e1c2da23709,
    type: 2}
  m_PrefabInternal: {fileID: 886424621}
  m_GameObject: {fileID: 1582819973}
  serializedVersion: 2
  m_Mass: 1
  m_Drag: 0
  m_AngularDrag: .0500000007
  m_UseGravity: 0
  m_IsKinematic: 0
  m_Interpolate: 0
  m_Constraints: 0
  m_CollisionDetection: 0
--- !u!23 &1582819975
Renderer:
  m_ObjectHideFlags: 0
  m_PrefabParentObject: {fileID: 2300000, guid: a1f71fdf3e59d454f90b2e1c2da23709,
    type: 2}
  m_PrefabInternal: {fileID: 886424621}
  m_GameObject: {fileID: 1582819973}
  m_Enabled: 1
  m_CastShadows: 1
  m_ReceiveShadows: 1
  m_LightmapIndex: 255
  m_LightmapTilingOffset: {x: 1, y: 1, z: 0, w: 0}
  m_Materials:
  - {fileID: 2100000, guid: a1d1227e6531036479230d201bd1fb22, type: 2}
  m_SubsetIndices: 
  m_StaticBatchRoot: {fileID: 0}
  m_UseLightProbes: 0
  m_LightProbeAnchor: {fileID: 0}
  m_ScaleInLightmap: 1
  m_SortingLayerID: 0
  m_SortingOrder: 0
--- !u!135 &1582819976
SphereCollider:
  m_ObjectHideFlags: 0
  m_PrefabParentObject: {fileID: 13500000, guid: a1f71fdf3e59d454f90b2e1c2da23709,
    type: 2}
  m_PrefabInternal: {fileID: 886424621}
  m_GameObject: {fileID: 1582819973}
  m_Material: {fileID: 0}
  m_IsTrigger: 1
  m_Enabled: 1
  serializedVersion: 2
  m_Radius: .5
  m_Center: {x: 0, y: 0, z: 0}
--- !u!33 &1582819977
MeshFilter:
  m_ObjectHideFlags: 0
  m_PrefabParentObject: {fileID: 3300000, guid: a1f71fdf3e59d454f90b2e1c2da23709,
    type: 2}
  m_PrefabInternal: {fileID: 886424621}
  m_GameObject: {fileID: 1582819973}
  m_Mesh: {fileID: 10207, guid: 0000000000000000e000000000000000, type: 0}
--- !u!4 &1582819978
Transform:
  m_ObjectHideFlags: 0
  m_PrefabParentObject: {fileID: 400000, guid: a1f71fdf3e59d454f90b2e1c2da23709, type: 2}
  m_PrefabInternal: {fileID: 886424621}
  m_GameObject: {fileID: 1582819973}
  m_LocalRotation: {x: -.707106829, y: 0, z: 0, w: .707106829}
  m_LocalPosition: {x: .497220457, y: -.183624953, z: .851297379}
  m_LocalScale: {x: .200000003, y: .200000003, z: .200000003}
  m_Children: []
  m_Father: {fileID: 2123251524}
  m_RootOrder: 0
--- !u!1 &1634566113
GameObject:
  m_ObjectHideFlags: 0
  m_PrefabParentObject: {fileID: 0}
  m_PrefabInternal: {fileID: 0}
  serializedVersion: 4
  m_Component:
  - 4: {fileID: 1634566114}
  m_Layer: 0
  m_Name: eggSpawn
  m_TagString: Untagged
  m_Icon: {fileID: 0}
  m_NavMeshLayer: 0
  m_StaticEditorFlags: 0
  m_IsActive: 1
--- !u!4 &1634566114
Transform:
  m_ObjectHideFlags: 0
  m_PrefabParentObject: {fileID: 0}
  m_PrefabInternal: {fileID: 0}
  m_GameObject: {fileID: 1634566113}
  m_LocalRotation: {x: 0, y: 0, z: 0, w: 1}
  m_LocalPosition: {x: .785461187, y: .259790659, z: .368774176}
  m_LocalScale: {x: 1, y: 1, z: 1}
  m_Children: []
  m_Father: {fileID: 206852304}
  m_RootOrder: 16
--- !u!1001 &1747730945
Prefab:
  m_ObjectHideFlags: 0
  serializedVersion: 2
  m_Modification:
    m_TransformParent: {fileID: 270697887}
    m_Modifications:
    - target: {fileID: 22400000, guid: a66b403607f6f9e48b9628e158eb54b0, type: 2}
      propertyPath: m_LocalPosition.x
      value: 0
      objectReference: {fileID: 0}
    - target: {fileID: 22400000, guid: a66b403607f6f9e48b9628e158eb54b0, type: 2}
      propertyPath: m_LocalPosition.y
      value: 0
      objectReference: {fileID: 0}
    - target: {fileID: 22400000, guid: a66b403607f6f9e48b9628e158eb54b0, type: 2}
      propertyPath: m_LocalPosition.z
      value: 0
      objectReference: {fileID: 0}
    - target: {fileID: 22400000, guid: a66b403607f6f9e48b9628e158eb54b0, type: 2}
      propertyPath: m_LocalRotation.x
      value: 0
      objectReference: {fileID: 0}
    - target: {fileID: 22400000, guid: a66b403607f6f9e48b9628e158eb54b0, type: 2}
      propertyPath: m_LocalRotation.y
      value: 0
      objectReference: {fileID: 0}
    - target: {fileID: 22400000, guid: a66b403607f6f9e48b9628e158eb54b0, type: 2}
      propertyPath: m_LocalRotation.z
      value: 0
      objectReference: {fileID: 0}
    - target: {fileID: 22400000, guid: a66b403607f6f9e48b9628e158eb54b0, type: 2}
      propertyPath: m_LocalRotation.w
      value: 1
      objectReference: {fileID: 0}
    - target: {fileID: 22400000, guid: a66b403607f6f9e48b9628e158eb54b0, type: 2}
      propertyPath: m_RootOrder
      value: 3
      objectReference: {fileID: 0}
    - target: {fileID: 22400000, guid: a66b403607f6f9e48b9628e158eb54b0, type: 2}
      propertyPath: m_AnchoredPosition.x
      value: 53.7630005
      objectReference: {fileID: 0}
    - target: {fileID: 22400000, guid: a66b403607f6f9e48b9628e158eb54b0, type: 2}
      propertyPath: m_AnchoredPosition.y
      value: 0
      objectReference: {fileID: 0}
    - target: {fileID: 22400000, guid: a66b403607f6f9e48b9628e158eb54b0, type: 2}
      propertyPath: m_SizeDelta.x
      value: 105
      objectReference: {fileID: 0}
    - target: {fileID: 22400000, guid: a66b403607f6f9e48b9628e158eb54b0, type: 2}
      propertyPath: m_SizeDelta.y
      value: 0
      objectReference: {fileID: 0}
    - target: {fileID: 22400000, guid: a66b403607f6f9e48b9628e158eb54b0, type: 2}
      propertyPath: m_AnchorMin.x
      value: .765631616
      objectReference: {fileID: 0}
    - target: {fileID: 22400000, guid: a66b403607f6f9e48b9628e158eb54b0, type: 2}
      propertyPath: m_AnchorMin.y
      value: .227000013
      objectReference: {fileID: 0}
    - target: {fileID: 22400000, guid: a66b403607f6f9e48b9628e158eb54b0, type: 2}
      propertyPath: m_AnchorMax.x
      value: .831368446
      objectReference: {fileID: 0}
    - target: {fileID: 22400000, guid: a66b403607f6f9e48b9628e158eb54b0, type: 2}
      propertyPath: m_AnchorMax.y
      value: .773000062
      objectReference: {fileID: 0}
    - target: {fileID: 22400000, guid: a66b403607f6f9e48b9628e158eb54b0, type: 2}
      propertyPath: m_Pivot.x
      value: .5
      objectReference: {fileID: 0}
    - target: {fileID: 22400000, guid: a66b403607f6f9e48b9628e158eb54b0, type: 2}
      propertyPath: m_Pivot.y
      value: .5
      objectReference: {fileID: 0}
    - target: {fileID: 11400000, guid: a66b403607f6f9e48b9628e158eb54b0, type: 2}
      propertyPath: m_Text
      value: 
      objectReference: {fileID: 0}
    - target: {fileID: 11400000, guid: a66b403607f6f9e48b9628e158eb54b0, type: 2}
      propertyPath: m_FontData.m_FontSize
      value: 30
      objectReference: {fileID: 0}
    - target: {fileID: 11400000, guid: a66b403607f6f9e48b9628e158eb54b0, type: 2}
      propertyPath: m_FontData.m_HorizontalOverflow
      value: 1
      objectReference: {fileID: 0}
    - target: {fileID: 11400000, guid: a66b403607f6f9e48b9628e158eb54b0, type: 2}
      propertyPath: m_FontData.m_VerticalOverflow
      value: 1
      objectReference: {fileID: 0}
    m_RemovedComponents: []
  m_ParentPrefab: {fileID: 100100000, guid: a66b403607f6f9e48b9628e158eb54b0, type: 2}
  m_RootGameObject: {fileID: 1312205348}
  m_IsPrefabParent: 0
  m_IsExploded: 1
--- !u!1 &1763686144
GameObject:
  m_ObjectHideFlags: 0
  m_PrefabParentObject: {fileID: 0}
  m_PrefabInternal: {fileID: 0}
  serializedVersion: 4
  m_Component:
  - 4: {fileID: 1763686145}
  m_Layer: 0
  m_Name: eggSpawn
  m_TagString: Untagged
  m_Icon: {fileID: 0}
  m_NavMeshLayer: 0
  m_StaticEditorFlags: 0
  m_IsActive: 1
--- !u!4 &1763686145
Transform:
  m_ObjectHideFlags: 0
  m_PrefabParentObject: {fileID: 0}
  m_PrefabInternal: {fileID: 0}
  m_GameObject: {fileID: 1763686144}
  m_LocalRotation: {x: 0, y: 0, z: 0, w: 1}
  m_LocalPosition: {x: .171860933, y: .259790659, z: .357034206}
  m_LocalScale: {x: 1, y: 1, z: 1}
  m_Children: []
  m_Father: {fileID: 206852304}
  m_RootOrder: 22
--- !u!1 &1806400485
GameObject:
  m_ObjectHideFlags: 0
  m_PrefabParentObject: {fileID: 0}
  m_PrefabInternal: {fileID: 0}
  serializedVersion: 4
  m_Component:
  - 224: {fileID: 1806400486}
  - 222: {fileID: 1806400488}
  - 114: {fileID: 1806400487}
  m_Layer: 5
  m_Name: Points
  m_TagString: Untagged
  m_Icon: {fileID: 0}
  m_NavMeshLayer: 0
  m_StaticEditorFlags: 0
  m_IsActive: 1
--- !u!224 &1806400486
RectTransform:
  m_ObjectHideFlags: 0
  m_PrefabParentObject: {fileID: 0}
  m_PrefabInternal: {fileID: 0}
  m_GameObject: {fileID: 1806400485}
  m_LocalRotation: {x: 0, y: 0, z: 0, w: 1}
  m_LocalPosition: {x: 0, y: 0, z: 0}
  m_LocalScale: {x: 1, y: 1, z: 1}
  m_Children: []
  m_Father: {fileID: 270697887}
  m_RootOrder: 1
  m_AnchorMin: {x: .521000028, y: .227000013}
  m_AnchorMax: {x: .752473712, y: .773000062}
  m_AnchoredPosition: {x: 21.8129997, y: 0}
  m_SizeDelta: {x: 42, y: 0}
  m_Pivot: {x: .5, y: .5}
--- !u!114 &1806400487
MonoBehaviour:
  m_ObjectHideFlags: 0
  m_PrefabParentObject: {fileID: 0}
  m_PrefabInternal: {fileID: 0}
  m_GameObject: {fileID: 1806400485}
  m_Enabled: 1
  m_EditorHideFlags: 0
  m_Script: {fileID: 708705254, guid: f5f67c52d1564df4a8936ccd202a3bd8, type: 3}
  m_Name: 
  m_EditorClassIdentifier: 
  m_Material: {fileID: 0}
  m_Color: {r: .1953125, g: .1953125, b: .1953125, a: 1}
  m_FontData:
    m_Font: {fileID: 10102, guid: 0000000000000000e000000000000000, type: 0}
    m_FontSize: 30
    m_FontStyle: 0
    m_BestFit: 0
    m_MinSize: 10
    m_MaxSize: 40
    m_Alignment: 0
    m_RichText: 1
    m_HorizontalOverflow: 1
    m_VerticalOverflow: 1
    m_LineSpacing: 1
  m_Text: 'Points: '
--- !u!222 &1806400488
CanvasRenderer:
  m_ObjectHideFlags: 0
  m_PrefabParentObject: {fileID: 0}
  m_PrefabInternal: {fileID: 0}
  m_GameObject: {fileID: 1806400485}
--- !u!1 &1925490089
GameObject:
  m_ObjectHideFlags: 0
  m_PrefabParentObject: {fileID: 0}
  m_PrefabInternal: {fileID: 0}
  serializedVersion: 4
  m_Component:
  - 224: {fileID: 1925490090}
  - 223: {fileID: 1925490092}
  - 114: {fileID: 1925490091}
  m_Layer: 5
  m_Name: Canvas
  m_TagString: Untagged
  m_Icon: {fileID: 0}
  m_NavMeshLayer: 0
  m_StaticEditorFlags: 0
  m_IsActive: 1
--- !u!224 &1925490090
RectTransform:
  m_ObjectHideFlags: 0
  m_PrefabParentObject: {fileID: 0}
  m_PrefabInternal: {fileID: 0}
  m_GameObject: {fileID: 1925490089}
  m_LocalRotation: {x: 0, y: 0, z: 0, w: 1}
  m_LocalPosition: {x: 0, y: 0, z: 0}
  m_LocalScale: {x: 0, y: 0, z: 0}
  m_Children:
  - {fileID: 270697887}
  m_Father: {fileID: 0}
  m_RootOrder: 7
  m_AnchorMin: {x: 0, y: 0}
  m_AnchorMax: {x: 0, y: 0}
  m_AnchoredPosition: {x: 0, y: 0}
  m_SizeDelta: {x: 0, y: 0}
  m_Pivot: {x: 0, y: 0}
--- !u!114 &1925490091
MonoBehaviour:
  m_ObjectHideFlags: 0
  m_PrefabParentObject: {fileID: 0}
  m_PrefabInternal: {fileID: 0}
  m_GameObject: {fileID: 1925490089}
  m_Enabled: 1
  m_EditorHideFlags: 0
  m_Script: {fileID: 1301386320, guid: f5f67c52d1564df4a8936ccd202a3bd8, type: 3}
  m_Name: 
  m_EditorClassIdentifier: 
  m_IgnoreReversedGraphics: 1
  m_BlockingObjects: 0
  m_BlockingMask:
    serializedVersion: 2
    m_Bits: 4294967295
--- !u!223 &1925490092
Canvas:
  m_ObjectHideFlags: 0
  m_PrefabParentObject: {fileID: 0}
  m_PrefabInternal: {fileID: 0}
  m_GameObject: {fileID: 1925490089}
  m_Enabled: 1
  serializedVersion: 2
  m_RenderMode: 0
  m_Camera: {fileID: 0}
  m_PlaneDistance: 100
  m_PixelPerfect: 0
  m_ReceivesEvents: 1
  m_OverrideSorting: 0
  m_OverridePixelPerfect: 0
  m_SortingLayerID: 0
  m_SortingOrder: 0
--- !u!1 &1978215692
GameObject:
  m_ObjectHideFlags: 0
  m_PrefabParentObject: {fileID: 0}
  m_PrefabInternal: {fileID: 0}
  serializedVersion: 4
  m_Component:
  - 4: {fileID: 1978215693}
  m_Layer: 0
  m_Name: eggSpawn
  m_TagString: Untagged
  m_Icon: {fileID: 0}
  m_NavMeshLayer: 0
  m_StaticEditorFlags: 0
  m_IsActive: 1
--- !u!4 &1978215693
Transform:
  m_ObjectHideFlags: 0
  m_PrefabParentObject: {fileID: 0}
  m_PrefabInternal: {fileID: 0}
  m_GameObject: {fileID: 1978215692}
  m_LocalRotation: {x: 0, y: 0, z: 0, w: 1}
  m_LocalPosition: {x: 1.50586104, y: .259790659, z: .154954195}
  m_LocalScale: {x: 1, y: 1, z: 1}
  m_Children: []
  m_Father: {fileID: 206852304}
  m_RootOrder: 4
--- !u!1001 &1990566118
Prefab:
  m_ObjectHideFlags: 0
  serializedVersion: 2
  m_Modification:
    m_TransformParent: {fileID: 0}
    m_Modifications:
    - target: {fileID: 400000, guid: 066268973314f7c4ab96321957b25fa3, type: 2}
      propertyPath: m_LocalPosition.x
      value: 1.20239997
      objectReference: {fileID: 0}
    - target: {fileID: 400000, guid: 066268973314f7c4ab96321957b25fa3, type: 2}
      propertyPath: m_LocalPosition.y
      value: -.751060009
      objectReference: {fileID: 0}
    - target: {fileID: 400000, guid: 066268973314f7c4ab96321957b25fa3, type: 2}
      propertyPath: m_LocalPosition.z
      value: -.545340002
      objectReference: {fileID: 0}
    - target: {fileID: 400000, guid: 066268973314f7c4ab96321957b25fa3, type: 2}
      propertyPath: m_LocalRotation.x
      value: 0
      objectReference: {fileID: 0}
    - target: {fileID: 400000, guid: 066268973314f7c4ab96321957b25fa3, type: 2}
      propertyPath: m_LocalRotation.y
      value: -0
      objectReference: {fileID: 0}
    - target: {fileID: 400000, guid: 066268973314f7c4ab96321957b25fa3, type: 2}
      propertyPath: m_LocalRotation.z
      value: -0
      objectReference: {fileID: 0}
    - target: {fileID: 400000, guid: 066268973314f7c4ab96321957b25fa3, type: 2}
      propertyPath: m_LocalRotation.w
      value: 1
      objectReference: {fileID: 0}
    - target: {fileID: 400000, guid: 066268973314f7c4ab96321957b25fa3, type: 2}
      propertyPath: m_RootOrder
      value: 0
      objectReference: {fileID: 0}
    - target: {fileID: 11400000, guid: 066268973314f7c4ab96321957b25fa3, type: 2}
      propertyPath: score
      value: 
      objectReference: {fileID: 1312205350}
    - target: {fileID: 11400002, guid: 066268973314f7c4ab96321957b25fa3, type: 2}
      propertyPath: _egg
      value: 
      objectReference: {fileID: 400000, guid: 066268973314f7c4ab96321957b25fa3, type: 2}
    - target: {fileID: 6500000, guid: 066268973314f7c4ab96321957b25fa3, type: 2}
      propertyPath: m_IsTrigger
      value: 0
      objectReference: {fileID: 0}
    m_RemovedComponents: []
  m_ParentPrefab: {fileID: 100100000, guid: 066268973314f7c4ab96321957b25fa3, type: 2}
  m_RootGameObject: {fileID: 974995473}
  m_IsPrefabParent: 0
  m_IsExploded: 1
--- !u!1 &1997558298
GameObject:
  m_ObjectHideFlags: 0
  m_PrefabParentObject: {fileID: 0}
  m_PrefabInternal: {fileID: 0}
  serializedVersion: 4
  m_Component:
  - 4: {fileID: 1997558299}
  m_Layer: 0
  m_Name: eggSpawn
  m_TagString: Untagged
  m_Icon: {fileID: 0}
  m_NavMeshLayer: 0
  m_StaticEditorFlags: 0
  m_IsActive: 1
--- !u!4 &1997558299
Transform:
  m_ObjectHideFlags: 0
  m_PrefabParentObject: {fileID: 0}
  m_PrefabInternal: {fileID: 0}
  m_GameObject: {fileID: 1997558298}
  m_LocalRotation: {x: 0, y: 0, z: 0, w: 1}
  m_LocalPosition: {x: -1.04043889, y: .259790659, z: -.00506579876}
  m_LocalScale: {x: 1, y: 1, z: 1}
  m_Children: []
  m_Father: {fileID: 206852304}
  m_RootOrder: 11
--- !u!1 &2062311843
GameObject:
  m_ObjectHideFlags: 0
  m_PrefabParentObject: {fileID: 0}
  m_PrefabInternal: {fileID: 0}
  serializedVersion: 4
  m_Component:
  - 4: {fileID: 2062311844}
  - 212: {fileID: 2062311845}
  m_Layer: 0
  m_Name: Kitchen
  m_TagString: Untagged
  m_Icon: {fileID: 0}
  m_NavMeshLayer: 0
  m_StaticEditorFlags: 0
  m_IsActive: 1
--- !u!4 &2062311844
Transform:
  m_ObjectHideFlags: 0
  m_PrefabParentObject: {fileID: 0}
  m_PrefabInternal: {fileID: 0}
  m_GameObject: {fileID: 2062311843}
  m_LocalRotation: {x: 0, y: .707106829, z: 0, w: .707106829}
  m_LocalPosition: {x: 3.56170011, y: -3.24600005, z: 0}
  m_LocalScale: {x: 1.2527864, y: 1, z: 1}
  m_Children:
  - {fileID: 256029315}
  m_Father: {fileID: 0}
  m_RootOrder: 5
--- !u!212 &2062311845
SpriteRenderer:
  m_ObjectHideFlags: 0
  m_PrefabParentObject: {fileID: 0}
  m_PrefabInternal: {fileID: 0}
  m_GameObject: {fileID: 2062311843}
  m_Enabled: 1
  m_CastShadows: 0
  m_ReceiveShadows: 0
  m_LightmapIndex: 255
  m_LightmapTilingOffset: {x: 1, y: 1, z: 0, w: 0}
  m_Materials:
  - {fileID: 10754, guid: 0000000000000000e000000000000000, type: 0}
  m_SubsetIndices: 
  m_StaticBatchRoot: {fileID: 0}
  m_UseLightProbes: 0
  m_LightProbeAnchor: {fileID: 0}
  m_ScaleInLightmap: 1
  m_SortingLayerID: 0
  m_SortingOrder: 0
  m_Sprite: {fileID: 21300000, guid: e920083a98be9bc41a2317dce57e581d, type: 3}
  m_Color: {r: 1, g: 1, b: 1, a: 1}
--- !u!1 &2123251523
GameObject:
  m_ObjectHideFlags: 0
  m_PrefabParentObject: {fileID: 0}
  m_PrefabInternal: {fileID: 0}
  serializedVersion: 4
  m_Component:
  - 4: {fileID: 2123251524}
  m_Layer: 0
  m_Name: Spawned
  m_TagString: Untagged
  m_Icon: {fileID: 0}
  m_NavMeshLayer: 0
  m_StaticEditorFlags: 0
  m_IsActive: 1
--- !u!4 &2123251524
Transform:
  m_ObjectHideFlags: 0
  m_PrefabParentObject: {fileID: 0}
  m_PrefabInternal: {fileID: 0}
  m_GameObject: {fileID: 2123251523}
  m_LocalRotation: {x: 0, y: 0, z: 0, w: 1}
  m_LocalPosition: {x: .0286097899, y: -.00140024745, z: -.0035139739}
  m_LocalScale: {x: .00999999978, y: .00999999978, z: .00999999978}
  m_Children:
  - {fileID: 1582819978}
  m_Father: {fileID: 103453148}
  m_RootOrder: 0
--- !u!1 &2129697243
GameObject:
  m_ObjectHideFlags: 0
  m_PrefabParentObject: {fileID: 0}
  m_PrefabInternal: {fileID: 0}
  serializedVersion: 4
  m_Component:
  - 4: {fileID: 2129697245}
  - 108: {fileID: 2129697244}
  m_Layer: 0
  m_Name: Point light
  m_TagString: Untagged
  m_Icon: {fileID: 0}
  m_NavMeshLayer: 0
  m_StaticEditorFlags: 0
  m_IsActive: 1
--- !u!108 &2129697244
Light:
  m_ObjectHideFlags: 0
  m_PrefabParentObject: {fileID: 0}
  m_PrefabInternal: {fileID: 0}
  m_GameObject: {fileID: 2129697243}
  m_Enabled: 1
  serializedVersion: 3
  m_Type: 2
  m_Color: {r: .974036515, g: 1, b: .529411793, a: 1}
  m_Intensity: 1.08000004
  m_Range: 10.1599998
  m_SpotAngle: 47
  m_CookieSize: 10
  m_Shadows:
    m_Type: 0
    m_Resolution: -1
    m_Strength: 1
    m_Bias: .0500000007
    m_Softness: 4
    m_SoftnessFade: 1
  m_Cookie: {fileID: 0}
  m_DrawHalo: 0
  m_ActuallyLightmapped: 0
  m_Flare: {fileID: 0}
  m_RenderMode: 0
  m_CullingMask:
    serializedVersion: 2
    m_Bits: 4294967295
  m_Lightmapping: 1
  m_ShadowSamples: 1
  m_ShadowRadius: 0
  m_ShadowAngle: 0
  m_IndirectIntensity: 1
  m_AreaSize: {x: 1, y: 1}
--- !u!4 &2129697245
Transform:
  m_ObjectHideFlags: 0
  m_PrefabParentObject: {fileID: 0}
  m_PrefabInternal: {fileID: 0}
  m_GameObject: {fileID: 2129697243}
  m_LocalRotation: {x: .706921637, y: 0, z: 0, w: .707291901}
  m_LocalPosition: {x: .538499951, y: .176800013, z: 1.13759995}
  m_LocalScale: {x: 1, y: 1, z: 1}
  m_Children: []
  m_Father: {fileID: 1327430813}
  m_RootOrder: 2
